{"op":"mcm","clk":"11448351871","pt":1717289088271,"mc":[{"id":"1.229554919","marketDefinition":{"bspMarket":false,"turnInPlayEnabled":false,"persistenceEnabled":false,"marketBaseRate":7.0,"eventId":"33318908","eventTypeId":"4339","numberOfWinners":1,"bettingType":"ODDS","marketType":"MATCH_BET","marketTime":"2024-06-02T10:03:00.000Z","suspendTime":"2024-06-02T10:03:00.000Z","bspReconciled":false,"complete":true,"inPlay":false,"crossMatching":true,"runnersVoidable":false,"numberOfActiveRunners":2,"betDelay":0,"status":"OPEN","runners":[{"status":"ACTIVE","sortPriority":1,"id":46292327,"name":"5. Immense"},{"status":"ACTIVE","sortPriority":2,"id":65788088,"name":"6. Bundy Baz"}],"regulators":["MR_INT"],"venue":"Murray Bridge","countryCode":"AU","discountAllowed":true,"timezone":"Australia/Adelaide","openDate":"2024-06-02T08:21:00.000Z","version":5962433802,"name":"Immense v Bundy Baz","eventName":"Murray Bridge (AUS) 2nd Jun"},"rc":[],"con":true,"img":false}]}
{"op":"mcm","clk":"11448366403","pt":1717289278043,"mc":[{"id":"1.229554919","rc":[{"atb":[[1.27,29.06],[1.37,21.2]],"id":46292327},{"atb":[[2.58,4.96],[2.78,4.41]],"id":65788088}],"con":true,"img":false}]}
{"op":"mcm","clk":"11448494247","pt":1717291211930,"mc":[{"id":"1.229554919","rc":[{"atb":[[1.27,0],[1.37,0]],"id":46292327},{"atb":[[2.58,0],[2.78,0]],"id":65788088}],"con":true,"img":false}]}
{"op":"mcm","clk":"11448494993","pt":1717291222496,"mc":[{"id":"1.229554919","rc":[{"atb":[[1.27,29.06],[1.37,21.2]],"id":46292327},{"atb":[[2.58,4.96],[2.78,4.41]],"id":65788088}],"con":true,"img":false}]}
{"op":"mcm","clk":"11449358079","pt":1717307827566,"mc":[{"id":"1.229554919","rc":[{"atb":[[1.01,17.76]],"id":46292327},{"atl":[[1000,0.85]],"id":46292327},{"atb":[[1.02,8.87]],"id":65788088},{"atl":[[990,0.85]],"id":65788088}],"con":true,"img":false}]}
{"op":"mcm","clk":"11449383836","pt":1717308365181,"mc":[{"id":"1.229554919","rc":[{"atb":[[1.27,0],[1.37,0]],"id":46292327},{"atb":[[2.58,0],[2.78,0]],"id":65788088}],"con":true,"img":false}]}
{"op":"mcm","clk":"11449385924","pt":1717308397791,"mc":[{"id":"1.229554919","rc":[{"atb":[[1.23,34.12],[1.33,23.77]],"id":46292327},{"atb":[[2.86,4.21],[2.66,4.72]],"id":65788088}],"con":true,"img":false}]}
{"op":"mcm","clk":"11449546570","pt":1717310733145,"mc":[{"id":"1.229554919","rc":[{"atb":[[1.23,0],[1.33,0]],"id":46292327},{"atb":[[2.86,0],[2.66,0]],"id":65788088}],"con":true,"img":false}]}
{"op":"mcm","clk":"11449548297","pt":1717310761849,"mc":[{"id":"1.229554919","rc":[{"atb":[[1.23,34.12],[1.33,23.77]],"id":46292327},{"atb":[[2.86,4.21],[2.66,4.72]],"id":65788088}],"con":true,"img":false}]}
{"op":"mcm","clk":"11449550512","pt":1717310797293,"mc":[{"id":"1.229554919","rc":[{"atb":[[1.23,0],[1.33,0]],"id":46292327},{"atb":[[2.86,0],[2.66,0]],"id":65788088}],"con":true,"img":false}]}
{"op":"mcm","clk":"11449552522","pt":1717310833683,"mc":[{"id":"1.229554919","rc":[{"atb":[[1.23,34.12],[1.33,23.77]],"id":46292327},{"atb":[[2.86,4.21],[2.66,4.72]],"id":65788088}],"con":true,"img":false}]}
{"op":"mcm","clk":"11449586028","pt":1717311431795,"mc":[{"id":"1.229554919","rc":[{"atl":[[1000,0.17]],"id":46292327},{"atl":[[990,0.17]],"id":65788088}],"con":true,"img":false}]}
{"op":"mcm","clk":"11449609377","pt":1717311864809,"mc":[{"id":"1.229554919","rc":[{"atb":[[1.23,0],[1.33,0]],"id":46292327},{"atb":[[2.86,0],[2.66,0]],"id":65788088}],"con":true,"img":false}]}
{"op":"mcm","clk":"11449610115","pt":1717311877557,"mc":[{"id":"1.229554919","rc":[{"atb":[[1.23,34.12],[1.33,23.77]],"id":46292327},{"atb":[[2.86,4.21],[2.66,4.72]],"id":65788088}],"con":true,"img":false}]}
{"op":"mcm","clk":"11449655976","pt":1717312956393,"mc":[{"id":"1.229554919","rc":[{"atb":[[1.23,0],[1.33,0]],"id":46292327},{"atb":[[2.86,0],[2.66,0]],"id":65788088}],"con":true,"img":false}]}
{"op":"mcm","clk":"11449656393","pt":1717312966043,"mc":[{"id":"1.229554919","rc":[{"atb":[[1.23,34.12],[1.33,23.77]],"id":46292327},{"atb":[[2.86,4.21],[2.66,4.72]],"id":65788088}],"con":true,"img":false}]}
{"op":"mcm","clk":"11449736747","pt":1717314096812,"mc":[{"id":"1.229554919","rc":[{"atb":[[1.23,0],[1.33,0]],"id":46292327},{"atb":[[2.86,0],[2.66,0]],"id":65788088}],"con":true,"img":false}]}
{"op":"mcm","clk":"11449739258","pt":1717314124126,"mc":[{"id":"1.229554919","rc":[{"atb":[[1.23,34.12],[1.33,23.77]],"id":46292327},{"atb":[[2.86,4.21],[2.66,4.72]],"id":65788088}],"con":true,"img":false}]}
{"op":"mcm","clk":"11449745221","pt":1717314192419,"mc":[{"id":"1.229554919","rc":[{"atb":[[1.23,0],[1.33,0]],"id":46292327},{"atb":[[2.86,0],[2.66,0]],"id":65788088}],"con":true,"img":false}]}
{"op":"mcm","clk":"11449746551","pt":1717314206858,"mc":[{"id":"1.229554919","rc":[{"atb":[[1.23,34.12],[1.33,23.77]],"id":46292327},{"atb":[[2.86,4.21],[2.66,4.72]],"id":65788088}],"con":true,"img":false}]}
{"op":"mcm","clk":"11449837969","pt":1717315161548,"mc":[{"id":"1.229554919","rc":[{"atb":[[1.23,0],[1.33,0]],"id":46292327},{"atb":[[2.86,0],[2.66,0]],"id":65788088}],"con":true,"img":false}]}
{"op":"mcm","clk":"11449841704","pt":1717315200095,"mc":[{"id":"1.229554919","rc":[{"atb":[[1.23,34.12],[1.33,23.77]],"id":46292327},{"atb":[[2.86,4.21],[2.66,4.72]],"id":65788088}],"con":true,"img":false}]}
{"op":"mcm","clk":"11449851287","pt":1717315296619,"mc":[{"id":"1.229554919","rc":[{"atb":[[1.23,0],[1.33,0]],"id":46292327},{"atb":[[2.86,0],[2.66,0]],"id":65788088}],"con":true,"img":false}]}
{"op":"mcm","clk":"11449854719","pt":1717315331356,"mc":[{"id":"1.229554919","rc":[{"atb":[[1.23,34.12],[1.33,23.77]],"id":46292327},{"atb":[[2.86,4.21],[2.66,4.72]],"id":65788088}],"con":true,"img":false}]}
{"op":"mcm","clk":"11449893681","pt":1717315712900,"mc":[{"id":"1.229554919","rc":[{"atb":[[1.23,0],[1.33,0]],"id":46292327},{"atb":[[2.86,0],[2.66,0]],"id":65788088}],"con":true,"img":false}]}
{"op":"mcm","clk":"11449898095","pt":1717315753812,"mc":[{"id":"1.229554919","rc":[{"atb":[[1.23,34.12],[1.33,23.77]],"id":46292327},{"atb":[[2.86,4.21],[2.66,4.72]],"id":65788088}],"con":true,"img":false}]}
{"op":"mcm","clk":"11449924833","pt":1717316010137,"mc":[{"id":"1.229554919","rc":[{"atb":[[1.23,0],[1.33,0]],"id":46292327},{"atb":[[2.86,0],[2.66,0]],"id":65788088}],"con":true,"img":false}]}
{"op":"mcm","clk":"11449928201","pt":1717316044386,"mc":[{"id":"1.229554919","rc":[{"atb":[[1.23,34.12],[1.33,23.77]],"id":46292327},{"atb":[[2.86,4.21],[2.66,4.72]],"id":65788088}],"con":true,"img":false}]}
{"op":"mcm","clk":"11449993640","pt":1717316870574,"mc":[{"id":"1.229554919","rc":[{"atb":[[1.23,0],[1.33,0]],"id":46292327},{"atb":[[2.86,0],[2.66,0]],"id":65788088}],"con":true,"img":false}]}
{"op":"mcm","clk":"11449996389","pt":1717316901784,"mc":[{"id":"1.229554919","rc":[{"atb":[[1.23,34.12],[1.33,23.77]],"id":46292327},{"atb":[[2.86,4.21],[2.66,4.72]],"id":65788088}],"con":true,"img":false}]}
{"op":"mcm","clk":"11450004007","pt":1717316992820,"mc":[{"id":"1.229554919","rc":[{"atb":[[1.23,0],[1.33,0]],"id":46292327},{"atb":[[2.86,0],[2.66,0]],"id":65788088}],"con":true,"img":false}]}
{"op":"mcm","clk":"11450007767","pt":1717317031597,"mc":[{"id":"1.229554919","rc":[{"atb":[[1.23,34.12],[1.33,23.77]],"id":46292327},{"atb":[[2.86,4.21],[2.66,4.72]],"id":65788088}],"con":true,"img":false}]}
{"op":"mcm","clk":"11450076107","pt":1717317730855,"mc":[{"id":"1.229554919","rc":[{"atb":[[1.23,0],[1.33,0]],"id":46292327},{"atb":[[2.86,0],[2.66,0]],"id":65788088}],"con":true,"img":false}]}
{"op":"mcm","clk":"11450079204","pt":1717317764759,"mc":[{"id":"1.229554919","rc":[{"atb":[[1.23,34.12],[1.33,23.77]],"id":46292327},{"atb":[[2.86,4.21],[2.66,4.72]],"id":65788088}],"con":true,"img":false}]}
{"op":"mcm","clk":"11450088150","pt":1717317870087,"mc":[{"id":"1.229554919","rc":[{"atb":[[1.23,0],[1.33,0]],"id":46292327},{"atb":[[2.86,0],[2.66,0]],"id":65788088}],"con":true,"img":false}]}
{"op":"mcm","clk":"11450089853","pt":1717317888807,"mc":[{"id":"1.229554919","rc":[{"atb":[[1.23,34.12],[1.33,23.77]],"id":46292327},{"atb":[[2.86,4.21],[2.66,4.72]],"id":65788088}],"con":true,"img":false}]}
{"op":"mcm","clk":"11450150266","pt":1717318577907,"mc":[{"id":"1.229554919","rc":[{"atb":[[1.23,0],[1.33,0]],"id":46292327},{"atb":[[2.86,0],[2.66,0]],"id":65788088}],"con":true,"img":false}]}
{"op":"mcm","clk":"11450151751","pt":1717318593147,"mc":[{"id":"1.229554919","rc":[{"atb":[[1.23,34.12],[1.33,23.77]],"id":46292327},{"atb":[[2.86,4.21],[2.66,4.72]],"id":65788088}],"con":true,"img":false}]}
{"op":"mcm","clk":"11450164003","pt":1717318717352,"mc":[{"id":"1.229554919","rc":[{"atb":[[1.03,117.59]],"id":46292327},{"atl":[[970,1.21]],"id":46292327},{"atb":[[1.03,201.1]],"id":65788088},{"atl":[[960,1.94]],"id":65788088}],"con":true,"img":false}]}
{"op":"mcm","clk":"11450164687","pt":1717318724496,"mc":[{"id":"1.229554919","rc":[{"atb":[[1.23,0],[1.33,0]],"id":46292327},{"atb":[[2.86,0],[2.66,0]],"id":65788088}],"con":true,"img":false}]}
{"op":"mcm","clk":"11450166303","pt":1717318742709,"mc":[{"id":"1.229554919","rc":[{"atb":[[1.23,34.12],[1.33,23.77]],"id":46292327},{"atb":[[2.86,4.21],[2.66,4.72]],"id":65788088}],"con":true,"img":false}]}
{"op":"mcm","clk":"11450188856","pt":1717318980254,"mc":[{"id":"1.229554919","rc":[{"atl":[[16.5,2]],"id":46292327},{"atl":[[25,2]],"id":65788088}],"con":true,"img":false}]}
{"op":"mcm","clk":"11450188893","pt":1717318980666,"mc":[{"id":"1.229554919","rc":[{"atb":[[1.28,53.57],[1.26,76.92],[1.22,136.36],[1.24,104.17]],"id":46292327},{"atl":[[4.8,6.58],[4.6,5.56],[5,7.5],[4.4,4.41]],"id":46292327},{"atl":[[3.35,12.77],[3.15,9.3],[3.25,11.11],[3.05,7.32]],"id":65788088}],"con":true,"img":false}]}
{"op":"mcm","clk":"11450188903","pt":1717318980767,"mc":[{"id":"1.229554919","rc":[{"atl":[[5.3,2]],"id":46292327},{"atl":[[7,2]],"id":65788088}],"con":true,"img":false}]}
{"op":"mcm","clk":"11450188919","pt":1717318980875,"mc":[{"id":"1.229554919","rc":[{"atl":[[16.5,0]],"id":46292327},{"atl":[[25,0]],"id":65788088}],"con":true,"img":false}]}
{"op":"mcm","clk":"11450190722","pt":1717318999590,"mc":[{"id":"1.229554919","rc":[{"atb":[[1.28,0],[1.26,0],[1.24,0]],"id":46292327}],"con":true,"img":false}]}
{"op":"mcm","clk":"11450191025","pt":1717319003171,"mc":[{"id":"1.229554919","rc":[{"atb":[[1.28,53.57]],"id":46292327}],"con":true,"img":false}]}
{"op":"mcm","clk":"11450191597","pt":1717319009415,"mc":[{"id":"1.229554919","rc":[{"atb":[[1.28,0]],"id":46292327}],"con":true,"img":false}]}
{"op":"mcm","clk":"11450193598","pt":1717319029546,"mc":[{"id":"1.229554919","rc":[{"atl":[[3,7.5]],"id":65788088}],"con":true,"img":false}]}
{"op":"mcm","clk":"11450193607","pt":1717319029659,"mc":[{"id":"1.229554919","rc":[{"atb":[[1.23,0],[1.33,0]],"id":46292327},{"atb":[[2.86,0],[2.66,0]],"id":65788088},{"atl":[[3.05,0]],"id":65788088}],"con":true,"img":false}]}
{"op":"mcm","clk":"11450193657","pt":1717319030120,"mc":[{"id":"1.229554919","rc":[{"atb":[[1.23,65.22]],"id":46292327}],"con":true,"img":false}]}
{"op":"mcm","clk":"11450193879","pt":1717319032616,"mc":[{"id":"1.229554919","rc":[{"atb":[[1.28,89.29],[1.26,115.38],[1.32,46.87],[1.3,66.67]],"id":65788088}],"con":true,"img":false}]}
{"op":"mcm","clk":"11450194001","pt":1717319033919,"mc":[{"id":"1.229554919","rc":[{"atb":[[1.28,53.57]],"id":46292327}],"con":true,"img":false}]}
{"op":"mcm","clk":"11450194525","pt":1717319039867,"mc":[{"id":"1.229554919","rc":[{"atb":[[1.28,0]],"id":46292327}],"con":true,"img":false}]}
{"op":"mcm","clk":"11450194927","pt":1717319043969,"mc":[{"id":"1.229554919","rc":[{"atb":[[1.21,95.24]],"id":46292327}],"con":true,"img":false}]}
{"op":"mcm","clk":"11450195243","pt":1717319047750,"mc":[{"id":"1.229554919","rc":[{"atb":[[1.23,99.34],[1.33,23.77]],"id":46292327},{"atb":[[2.86,4.21],[2.66,4.72]],"id":65788088},{"atl":[[3.05,7.32]],"id":65788088}],"con":true,"img":false}]}
{"op":"mcm","clk":"11450195252","pt":1717319047860,"mc":[{"id":"1.229554919","rc":[{"atl":[[3,0]],"id":65788088}],"con":true,"img":false}]}
{"op":"mcm","clk":"11450198610","pt":1717319085526,"mc":[{"id":"1.229554919","rc":[{"atl":[[3,7.5]],"id":65788088}],"con":true,"img":false}]}
{"op":"mcm","clk":"11450198622","pt":1717319085635,"mc":[{"id":"1.229554919","rc":[{"atl":[[3.05,0]],"id":65788088}],"con":true,"img":false}]}
{"op":"mcm","clk":"11450198630","pt":1717319085701,"mc":[{"id":"1.229554919","rc":[{"atb":[[1.23,65.22],[1.33,0]],"id":46292327},{"atb":[[2.86,0],[2.66,0]],"id":65788088}],"con":true,"img":false}]}
{"op":"mcm","clk":"11450199229","pt":1717319091782,"mc":[{"id":"1.229554919","rc":[{"atb":[[1.19,131.58]],"id":46292327}],"con":true,"img":false}]}
{"op":"mcm","clk":"11450200052","pt":1717319100348,"mc":[{"id":"1.229554919","rc":[{"atb":[[1.23,99.34],[1.33,23.77]],"id":46292327},{"atb":[[2.86,4.21],[2.66,4.72]],"id":65788088}],"con":true,"img":false}]}
{"op":"mcm","clk":"11450200060","pt":1717319100401,"mc":[{"id":"1.229554919","rc":[{"atl":[[3,0],[3.05,7.32]],"id":65788088}],"con":true,"img":false}]}
{"op":"mcm","clk":"11450218882","pt":1717319285816,"mc":[{"id":"1.229554919","rc":[{"atb":[[1.23,34.12],[1.24,62.5]],"id":46292327}],"con":true,"img":false}]}
{"op":"mcm","clk":"11450231426","pt":1717319422429,"mc":[{"id":"1.229554919","rc":[{"atl":[[3.1,7.14],[3.05,0]],"id":65788088}],"con":true,"img":false}]}
{"op":"mcm","clk":"11450232011","pt":1717319427869,"mc":[{"id":"1.229554919","rc":[{"atl":[[3.05,7.32]],"id":65788088}],"con":true,"img":false}]}
{"op":"mcm","clk":"11450232018","pt":1717319427925,"mc":[{"id":"1.229554919","rc":[{"atl":[[3.1,0]],"id":65788088}],"con":true,"img":false}]}
{"op":"mcm","clk":"11450232770","pt":1717319435359,"mc":[{"id":"1.229554919","rc":[{"atb":[[1.28,53.57],[1.24,0]],"id":46292327}],"con":true,"img":false}]}
{"op":"mcm","clk":"11450233736","pt":1717319445375,"mc":[{"id":"1.229554919","rc":[{"atb":[[1.26,76.92]],"id":46292327}],"con":true,"img":false}]}
{"op":"mcm","clk":"11450233818","pt":1717319446163,"mc":[{"id":"1.229554919","rc":[{"atb":[[1.19,0],[1.23,0],[1.33,0]],"id":46292327},{"atb":[[2.86,0],[2.66,0]],"id":65788088}],"con":true,"img":false}]}
{"op":"mcm","clk":"11450234049","pt":1717319448880,"mc":[{"id":"1.229554919","rc":[{"atl":[[3.1,7.14]],"id":65788088}],"con":true,"img":false}]}
{"op":"mcm","clk":"11450234058","pt":1717319448982,"mc":[{"id":"1.229554919","rc":[{"atl":[[3.05,0]],"id":65788088}],"con":true,"img":false}]}
{"op":"mcm","clk":"11450234065","pt":1717319449081,"mc":[{"id":"1.229554919","rc":[{"atl":[[3.1,0],[3.35,0]],"id":65788088}],"con":true,"img":false}]}
{"op":"mcm","clk":"11450234074","pt":1717319449200,"mc":[{"id":"1.229554919","rc":[{"atl":[[3.05,7.32]],"id":65788088}],"con":true,"img":false}]}
{"op":"mcm","clk":"11450234115","pt":1717319449595,"mc":[{"id":"1.229554919","rc":[{"atl":[[3.1,7.14]],"id":65788088}],"con":true,"img":false}]}
{"op":"mcm","clk":"11450234120","pt":1717319449700,"mc":[{"id":"1.229554919","rc":[{"atl":[[3.05,0]],"id":65788088}],"con":true,"img":false}]}
{"op":"mcm","clk":"11450234686","pt":1717319455299,"mc":[{"id":"1.229554919","rc":[{"atl":[[3.05,7.32]],"id":65788088}],"con":true,"img":false}]}
{"op":"mcm","clk":"11450235969","pt":1717319469510,"mc":[{"id":"1.229554919","rc":[{"atl":[[3.05,0]],"id":65788088}],"con":true,"img":false}]}
{"op":"mcm","clk":"11450236023","pt":1717319470023,"mc":[{"id":"1.229554919","rc":[{"atl":[[3,7.5]],"id":65788088}],"con":true,"img":false}]}
{"op":"mcm","clk":"11450238749","pt":1717319500761,"mc":[{"id":"1.229554919","rc":[{"atb":[[1.23,34.12],[1.33,23.77]],"id":46292327},{"atb":[[2.86,4.21],[2.66,4.72]],"id":65788088}],"con":true,"img":false}]}
{"op":"mcm","clk":"11450238798","pt":1717319501130,"mc":[{"id":"1.229554919","rc":[{"atl":[[3,0],[3.05,7.32]],"id":65788088}],"con":true,"img":false}]}
{"op":"mcm","clk":"11450243998","pt":1717319556267,"mc":[{"id":"1.229554919","rc":[{"atl":[[4.3,4.55],[4.4,0]],"id":46292327}],"con":true,"img":false}]}
{"op":"mcm","clk":"11450258536","pt":1717319718271,"mc":[{"id":"1.229554919","rc":[{"atb":[[1.28,0],[1.24,62.5]],"id":46292327}],"con":true,"img":false}]}
{"op":"mcm","clk":"11450258635","pt":1717319719153,"mc":[{"id":"1.229554919","rc":[{"atb":[[1.26,0]],"id":46292327}],"con":true,"img":false}]}
{"op":"mcm","clk":"11450258648","pt":1717319719267,"mc":[{"id":"1.229554919","rc":[{"atl":[[4.3,0],[4.2,4.69]],"id":46292327}],"con":true,"img":false}]}
{"op":"mcm","clk":"11450259629","pt":1717319729306,"mc":[{"id":"1.229554919","rc":[{"atb":[[1.22,90.91]],"id":46292327},{"atl":[[4.4,5.88]],"id":46292327}],"con":true,"img":false}]}
{"op":"mcm","clk":"11450260472","pt":1717319738579,"mc":[{"id":"1.229554919","rc":[{"atl":[[4.3,4.55]],"id":46292327}],"con":true,"img":false}]}
{"op":"mcm","clk":"11450260483","pt":1717319738695,"mc":[{"id":"1.229554919","rc":[{"atl":[[4.8,0],[4.6,0],[5,0],[4.4,0],[4.2,0]],"id":46292327}],"con":true,"img":false}]}
{"op":"mcm","clk":"11450260491","pt":1717319738820,"mc":[{"id":"1.229554919","rc":[{"atl":[[16.5,6.45]],"id":46292327}],"con":true,"img":false}]}
{"op":"mcm","clk":"11450260500","pt":1717319738917,"mc":[{"id":"1.229554919","rc":[{"atl":[[5.3,0]],"id":46292327}],"con":true,"img":false}]}
{"op":"mcm","clk":"11450260600","pt":1717319740077,"mc":[{"id":"1.229554919","rc":[{"atb":[[1.28,53.57]],"id":46292327}],"con":true,"img":false}]}
{"op":"mcm","clk":"11450261467","pt":1717319749910,"mc":[{"id":"1.229554919","rc":[{"atb":[[1.28,0]],"id":46292327}],"con":true,"img":false}]}
{"op":"mcm","clk":"11450261481","pt":1717319750117,"mc":[{"id":"1.229554919","rc":[{"atb":[[1.2,125]],"id":46292327},{"atl":[[4.5,5.71]],"id":46292327}],"con":true,"img":false}]}
{"op":"mcm","clk":"11450261489","pt":1717319750220,"mc":[{"id":"1.229554919","rc":[{"atl":[[16.5,0],[5.3,10.26]],"id":46292327}],"con":true,"img":false}]}
{"op":"mcm","clk":"11450262290","pt":1717319760107,"mc":[{"id":"1.229554919","rc":[{"atl":[[4.7,6.76]],"id":46292327}],"con":true,"img":false}]}
{"op":"mcm","clk":"11450263125","pt":1717319770120,"mc":[{"id":"1.229554919","rc":[{"atl":[[4.9,7.69]],"id":46292327}],"con":true,"img":false}]}
{"op":"mcm","clk":"11450263147","pt":1717319770432,"mc":[{"id":"1.229554919","rc":[{"atb":[[1.28,53.57]],"id":46292327}],"con":true,"img":false}]}
{"op":"mcm","clk":"11450263153","pt":1717319770533,"mc":[{"id":"1.229554919","rc":[{"atb":[[1.24,0]],"id":46292327}],"con":true,"img":false}]}
{"op":"mcm","clk":"11450264017","pt":1717319780151,"mc":[{"id":"1.229554919","rc":[{"atb":[[1.28,0],[1.24,62.5]],"id":46292327}],"con":true,"img":false}]}
{"op":"mcm","clk":"11450264909","pt":1717319790868,"mc":[{"id":"1.229554919","rc":[{"atl":[[3,7.5],[3.05,0]],"id":65788088}],"con":true,"img":false}]}
{"op":"mcm","clk":"11450264927","pt":1717319791076,"mc":[{"id":"1.229554919","rc":[{"atb":[[1.23,0],[1.33,0]],"id":46292327},{"atb":[[2.86,0],[2.66,0]],"id":65788088}],"con":true,"img":false}]}
{"op":"mcm","clk":"11450264939","pt":1717319791283,"mc":[{"id":"1.229554919","rc":[{"atb":[[1.32,0],[1.33,45.45]],"id":65788088},{"atl":[[3,0],[3.05,7.32]],"id":65788088}],"con":true,"img":false}]}
{"op":"mcm","clk":"11450265128","pt":1717319793266,"mc":[{"id":"1.229554919","rc":[{"atl":[[3,7.5],[3.05,0]],"id":65788088}],"con":true,"img":false}]}
{"op":"mcm","clk":"11450265801","pt":1717319800979,"mc":[{"id":"1.229554919","rc":[{"atb":[[1.28,53.57],[1.24,0]],"id":46292327}],"con":true,"img":false}]}
{"op":"mcm","clk":"11450266072","pt":1717319803785,"mc":[{"id":"1.229554919","rc":[{"atb":[[1.23,34.12],[1.33,23.77]],"id":46292327},{"atb":[[2.86,4.21],[2.66,4.72]],"id":65788088}],"con":true,"img":false}]}
{"op":"mcm","clk":"11450266079","pt":1717319803889,"mc":[{"id":"1.229554919","rc":[{"atl":[[3,0],[3.05,7.32]],"id":65788088}],"con":true,"img":false}]}
{"op":"mcm","clk":"11450266706","pt":1717319810604,"mc":[{"id":"1.229554919","rc":[{"atb":[[1.24,62.5]],"id":46292327}],"con":true,"img":false}]}
{"op":"mcm","clk":"11450266714","pt":1717319810713,"mc":[{"id":"1.229554919","rc":[{"atb":[[1.28,0]],"id":46292327}],"con":true,"img":false}]}
{"op":"mcm","clk":"11450268471","pt":1717319831312,"mc":[{"id":"1.229554919","rc":[{"atb":[[1.28,53.57],[1.24,0]],"id":46292327}],"con":true,"img":false}]}
{"op":"mcm","clk":"11450269285","pt":1717319841055,"mc":[{"id":"1.229554919","rc":[{"atb":[[1.28,0],[1.24,62.5]],"id":46292327}],"con":true,"img":false}]}
{"op":"mcm","clk":"11450270914","pt":1717319861676,"mc":[{"id":"1.229554919","rc":[{"atb":[[1.28,53.57],[1.24,0]],"id":46292327}],"con":true,"img":false}]}
{"op":"mcm","clk":"11450271701","pt":1717319871365,"mc":[{"id":"1.229554919","rc":[{"atb":[[1.24,62.5]],"id":46292327}],"con":true,"img":false}]}
{"op":"mcm","clk":"11450271710","pt":1717319871478,"mc":[{"id":"1.229554919","rc":[{"atb":[[1.28,0]],"id":46292327}],"con":true,"img":false}]}
{"op":"mcm","clk":"11450273348","pt":1717319892127,"mc":[{"id":"1.229554919","rc":[{"atb":[[1.28,53.57],[1.24,0]],"id":46292327}],"con":true,"img":false}]}
{"op":"mcm","clk":"11450274020","pt":1717319900654,"mc":[{"id":"1.229554919","rc":[{"atb":[[1.28,0],[1.24,62.5]],"id":46292327}],"con":true,"img":false}]}
{"op":"mcm","clk":"11450275650","pt":1717319922504,"mc":[{"id":"1.229554919","rc":[{"atb":[[1.28,53.57],[1.24,0]],"id":46292327}],"con":true,"img":false}]}
{"op":"mcm","clk":"11450276431","pt":1717319932217,"mc":[{"id":"1.229554919","rc":[{"atb":[[1.28,0],[1.24,62.5]],"id":46292327}],"con":true,"img":false}]}
{"op":"mcm","clk":"11450278145","pt":1717319952933,"mc":[{"id":"1.229554919","rc":[{"atb":[[1.28,53.57],[1.24,0]],"id":46292327}],"con":true,"img":false}]}
{"op":"mcm","clk":"11450278897","pt":1717319962557,"mc":[{"id":"1.229554919","rc":[{"atb":[[1.24,62.5]],"id":46292327}],"con":true,"img":false}]}
{"op":"mcm","clk":"11450278900","pt":1717319962611,"mc":[{"id":"1.229554919","rc":[{"atb":[[1.28,0]],"id":46292327}],"con":true,"img":false}]}
{"op":"mcm","clk":"11450280515","pt":1717319983377,"mc":[{"id":"1.229554919","rc":[{"atb":[[1.28,53.57],[1.24,0]],"id":46292327}],"con":true,"img":false}]}
{"op":"mcm","clk":"11450281305","pt":1717319993392,"mc":[{"id":"1.229554919","rc":[{"atb":[[1.26,76.92]],"id":46292327}],"con":true,"img":false}]}
{"op":"mcm","clk":"11450281318","pt":1717319993499,"mc":[{"id":"1.229554919","rc":[{"atb":[[1.28,0],[1.24,62.5]],"id":46292327}],"con":true,"img":false}]}
{"op":"mcm","clk":"11450282166","pt":1717320003512,"mc":[{"id":"1.229554919","rc":[{"atb":[[1.18,166.67],[1.26,0]],"id":46292327}],"con":true,"img":false}]}
{"op":"mcm","clk":"11450282996","pt":1717320013512,"mc":[{"id":"1.229554919","rc":[{"atb":[[1.18,0]],"id":46292327}],"con":true,"img":false}]}
{"op":"mcm","clk":"11450283016","pt":1717320013817,"mc":[{"id":"1.229554919","rc":[{"atb":[[1.28,53.57],[1.24,0]],"id":46292327}],"con":true,"img":false}]}
{"op":"mcm","clk":"11450283722","pt":1717320023412,"mc":[{"id":"1.229554919","rc":[{"atb":[[1.28,0],[1.24,62.5]],"id":46292327}],"con":true,"img":false}]}
{"op":"mcm","clk":"11450285184","pt":1717320044248,"mc":[{"id":"1.229554919","rc":[{"atb":[[1.28,53.57],[1.24,0]],"id":46292327}],"con":true,"img":false}]}
{"op":"mcm","clk":"11450285775","pt":1717320054262,"mc":[{"id":"1.229554919","rc":[{"atb":[[1.26,76.92]],"id":46292327}],"con":true,"img":false}]}
{"op":"mcm","clk":"11450285783","pt":1717320054474,"mc":[{"id":"1.229554919","rc":[{"atb":[[1.28,0],[1.26,0],[1.24,62.5]],"id":46292327}],"con":true,"img":false}]}
{"op":"mcm","clk":"11450286165","pt":1717320060764,"mc":[{"id":"1.229554919","rc":[{"atb":[[1.28,53.57]],"id":46292327}],"con":true,"img":false}]}
{"op":"mcm","clk":"11450286171","pt":1717320060869,"mc":[{"id":"1.229554919","rc":[{"atb":[[1.24,0]],"id":46292327}],"con":true,"img":false}]}
{"op":"mcm","clk":"11450286517","pt":1717320066579,"mc":[{"id":"1.229554919","rc":[{"atb":[[1.28,0],[1.24,62.5]],"id":46292327}],"con":true,"img":false}]}
{"op":"mcm","clk":"11450286719","pt":1717320069570,"mc":[{"id":"1.229554919","rc":[{"atb":[[1.28,53.57]],"id":46292327}],"con":true,"img":false}]}
{"op":"mcm","clk":"11450286726","pt":1717320069670,"mc":[{"id":"1.229554919","rc":[{"atb":[[1.24,0]],"id":46292327}],"con":true,"img":false}]}
{"op":"mcm","clk":"11450287042","pt":1717320074287,"mc":[{"id":"1.229554919","rc":[{"atb":[[1.28,0],[1.24,62.5]],"id":46292327}],"con":true,"img":false}]}
{"op":"mcm","clk":"11450287060","pt":1717320074596,"mc":[{"id":"1.229554919","rc":[{"atb":[[1.28,53.57]],"id":46292327}],"con":true,"img":false}]}
{"op":"mcm","clk":"11450287066","pt":1717320074695,"mc":[{"id":"1.229554919","rc":[{"atb":[[1.24,0]],"id":46292327}],"con":true,"img":false}]}
{"op":"mcm","clk":"11450287476","pt":1717320079994,"mc":[{"id":"1.229554919","rc":[{"atb":[[1.28,0],[1.24,62.5]],"id":46292327}],"con":true,"img":false}]}
{"op":"mcm","clk":"11450288133","pt":1717320090113,"mc":[{"id":"1.229554919","rc":[{"atb":[[1.28,53.57],[1.24,0]],"id":46292327}],"con":true,"img":false}]}
{"op":"mcm","clk":"11450288429","pt":1717320094100,"mc":[{"id":"1.229554919","rc":[{"atb":[[1.24,62.5]],"id":46292327}],"con":true,"img":false}]}
{"op":"mcm","clk":"11450288434","pt":1717320094202,"mc":[{"id":"1.229554919","rc":[{"atb":[[1.28,0]],"id":46292327}],"con":true,"img":false}]}
{"op":"mcm","clk":"11450293008","pt":1717320161400,"mc":[{"id":"1.229554919","rc":[{"atb":[[1.28,53.57],[1.24,0]],"id":46292327}],"con":true,"img":false}]}
{"op":"mcm","clk":"11450293382","pt":1717320165900,"mc":[{"id":"1.229554919","rc":[{"atb":[[1.24,62.5]],"id":46292327}],"con":true,"img":false}]}
{"op":"mcm","clk":"11450293388","pt":1717320166010,"mc":[{"id":"1.229554919","rc":[{"atb":[[1.28,0]],"id":46292327}],"con":true,"img":false}]}
{"op":"mcm","clk":"11450293550","pt":1717320168300,"mc":[{"id":"1.229554919","rc":[{"atb":[[1.23,0],[1.33,0]],"id":46292327},{"atb":[[2.86,0],[2.66,0]],"id":65788088}],"con":true,"img":false}]}
{"op":"mcm","clk":"11450293638","pt":1717320170115,"mc":[{"id":"1.229554919","rc":[{"atl":[[3.05,0]],"id":65788088}],"con":true,"img":false}]}
{"op":"mcm","clk":"11450293651","pt":1717320170324,"mc":[{"id":"1.229554919","rc":[{"atl":[[3.05,7.32]],"id":65788088}],"con":true,"img":false}]}
{"op":"mcm","clk":"11450293663","pt":1717320170524,"mc":[{"id":"1.229554919","rc":[{"atl":[[3.05,0]],"id":65788088}],"con":true,"img":false}]}
{"op":"mcm","clk":"11450294303","pt":1717320180417,"mc":[{"id":"1.229554919","rc":[{"atl":[[3.2,9.09]],"id":65788088}],"con":true,"img":false}]}
{"op":"mcm","clk":"11450294715","pt":1717320186347,"mc":[{"id":"1.229554919","rc":[{"atb":[[1.23,34.12],[1.33,23.77]],"id":46292327},{"atb":[[2.86,4.21],[2.66,4.72]],"id":65788088}],"con":true,"img":false}]}
{"op":"mcm","clk":"11450297249","pt":1717320225104,"mc":[{"id":"1.229554919","rc":[{"atl":[[3.15,16.28]],"id":65788088}],"con":true,"img":false}]}
{"op":"mcm","clk":"11450297257","pt":1717320225212,"mc":[{"id":"1.229554919","rc":[{"atl":[[3.1,0],[3.15,6.97]],"id":65788088}],"con":true,"img":false}]}
{"op":"mcm","clk":"11450297885","pt":1717320235124,"mc":[{"id":"1.229554919","rc":[{"atl":[[3.25,20]],"id":65788088}],"con":true,"img":false}]}
{"op":"mcm","clk":"11450297894","pt":1717320235231,"mc":[{"id":"1.229554919","rc":[{"atl":[[3.25,8.89]],"id":65788088}],"con":true,"img":false}]}
{"op":"mcm","clk":"11450298542","pt":1717320245131,"mc":[{"id":"1.229554919","rc":[{"atl":[[3.35,10.64]],"id":65788088}],"con":true,"img":false}]}
{"op":"mcm","clk":"11450304756","pt":1717320340848,"mc":[{"id":"1.229554919","rc":[{"atb":[[1.28,53.57],[1.24,0]],"id":46292327}],"con":true,"img":false}]}
{"op":"mcm","clk":"11450305165","pt":1717320347456,"mc":[{"id":"1.229554919","rc":[{"atb":[[1.28,0],[1.24,62.5]],"id":46292327}],"con":true,"img":false}]}
{"op":"mcm","clk":"11450307997","pt":1717320398295,"mc":[{"id":"1.229554919","rc":[{"atb":[[1.27,55.56],[1.24,0]],"id":46292327}],"con":true,"img":false}]}
{"op":"mcm","clk":"11450308010","pt":1717320398497,"mc":[{"id":"1.229554919","rc":[{"atb":[[1.27,0]],"id":46292327}],"con":true,"img":false}]}
{"op":"mcm","clk":"11450308291","pt":1717320402736,"mc":[{"id":"1.229554919","rc":[{"atb":[[1.2,0],[1.21,0],[1.22,0]],"id":46292327}],"con":true,"img":false}]}
{"op":"mcm","clk":"11450308341","pt":1717320403323,"mc":[{"id":"1.229554919","rc":[{"atb":[[1.2,125],[1.18,166.67],[1.22,90.91],[1.24,62.5]],"id":46292327}],"con":true,"img":false}]}
{"op":"mcm","clk":"11450308377","pt":1717320403830,"mc":[{"id":"1.229554919","rc":[{"atb":[[1.24,0]],"id":46292327}],"con":true,"img":false}]}
{"op":"mcm","clk":"11450308724","pt":1717320409533,"mc":[{"id":"1.229554919","rc":[{"atb":[[1.24,62.5]],"id":46292327}],"con":true,"img":false}]}
{"op":"mcm","clk":"11450309751","pt":1717320425792,"mc":[{"id":"1.229554919","rc":[{"atb":[[1.24,0]],"id":46292327}],"con":true,"img":false}]}
{"op":"mcm","clk":"11450310364","pt":1717320434206,"mc":[{"id":"1.229554919","rc":[{"atb":[[1.24,62.5]],"id":46292327}],"con":true,"img":false}]}
{"op":"mcm","clk":"11450310672","pt":1717320439412,"mc":[{"id":"1.229554919","rc":[{"atb":[[1.2,0],[1.18,0],[1.22,0],[1.24,0]],"id":46292327}],"con":true,"img":false}]}
{"op":"mcm","clk":"11450310711","pt":1717320439930,"mc":[{"id":"1.229554919","rc":[{"atb":[[1.2,125],[1.18,166.67],[1.22,90.91],[1.24,62.5]],"id":46292327}],"con":true,"img":false}]}
{"op":"mcm","clk":"11450311362","pt":1717320449014,"mc":[{"id":"1.229554919","rc":[{"atl":[[4.2,4.69]],"id":46292327}],"con":true,"img":false}]}
{"op":"mcm","clk":"11450311365","pt":1717320449117,"mc":[{"id":"1.229554919","rc":[{"atl":[[4.3,0]],"id":46292327}],"con":true,"img":false}]}
{"op":"mcm","clk":"11450311369","pt":1717320449222,"mc":[{"id":"1.229554919","rc":[{"atl":[[4.5,0],[4.9,0],[4.7,0]],"id":46292327}],"con":true,"img":false}]}
{"op":"mcm","clk":"11450311375","pt":1717320449324,"mc":[{"id":"1.229554919","rc":[{"atl":[[16.5,6.45]],"id":46292327}],"con":true,"img":false}]}
{"op":"mcm","clk":"11450311381","pt":1717320449429,"mc":[{"id":"1.229554919","rc":[{"atl":[[5.3,0]],"id":46292327}],"con":true,"img":false}]}
{"op":"mcm","clk":"11450311987","pt":1717320459060,"mc":[{"id":"1.229554919","rc":[{"atl":[[4.4,5.88]],"id":46292327}],"con":true,"img":false}]}
{"op":"mcm","clk":"11450312275","pt":1717320464242,"mc":[{"id":"1.229554919","rc":[{"atb":[[1.2,0],[1.18,0],[1.22,0],[1.24,0]],"id":46292327}],"con":true,"img":false}]}
{"op":"mcm","clk":"11450312580","pt":1717320469055,"mc":[{"id":"1.229554919","rc":[{"atl":[[4.6,6.94]],"id":46292327}],"con":true,"img":false}]}
{"op":"mcm","clk":"11450312587","pt":1717320469162,"mc":[{"id":"1.229554919","rc":[{"atl":[[5.3,10.57]],"id":46292327}],"con":true,"img":false}]}
{"op":"mcm","clk":"11450312595","pt":1717320469262,"mc":[{"id":"1.229554919","rc":[{"atl":[[16.5,0]],"id":46292327}],"con":true,"img":false}]}
{"op":"mcm","clk":"11450312650","pt":1717320470259,"mc":[{"id":"1.229554919","rc":[{"atb":[[1.2,125],[1.18,166.67],[1.22,90.91],[1.24,62.5]],"id":46292327}],"con":true,"img":false}]}
{"op":"mcm","clk":"11450312714","pt":1717320471247,"mc":[{"id":"1.229554919","rc":[{"atb":[[1.22,0],[1.24,0]],"id":46292327}],"con":true,"img":false}]}
{"op":"mcm","clk":"11450312813","pt":1717320472954,"mc":[{"id":"1.229554919","rc":[{"atb":[[1.2,0],[1.18,0]],"id":46292327}],"con":true,"img":false}]}
{"op":"mcm","clk":"11450313197","pt":1717320480170,"mc":[{"id":"1.229554919","rc":[{"atl":[[4.8,7.89]],"id":46292327}],"con":true,"img":false}]}
{"op":"mcm","clk":"11450313973","pt":1717320493979,"mc":[{"id":"1.229554919","rc":[{"atb":[[1.23,0],[1.33,0]],"id":46292327},{"atb":[[2.86,0],[2.66,0]],"id":65788088}],"con":true,"img":false}]}
{"op":"mcm","clk":"11450314020","pt":1717320494756,"mc":[{"id":"1.229554919","rc":[{"atb":[[1.18,83.33],[1.12,250],[1.16,125],[1.14,178.57]],"id":46292327},{"atb":[[1.33,0],[1.34,44.12]],"id":65788088}],"con":true,"img":false}]}
{"op":"mcm","clk":"11450314626","pt":1717320504778,"mc":[{"id":"1.229554919","rc":[{"atb":[[1.32,62.5]],"id":65788088}],"con":true,"img":false}]}
{"op":"mcm","clk":"11450314837","pt":1717320507878,"mc":[{"id":"1.229554919","rc":[{"atb":[[1.26,0]],"id":65788088}],"con":true,"img":false}]}
{"op":"mcm","clk":"11450315165","pt":1717320512492,"mc":[{"id":"1.229554919","rc":[{"atb":[[1.19,41.3],[1.29,27.05]],"id":46292327},{"atb":[[2.74,4.5],[2.94,4.04]],"id":65788088}],"con":true,"img":false}]}
{"op":"mcm","clk":"11450323775","pt":1717320536771,"mc":[{"id":"1.229554919","rc":[{"atl":[[3.2,6.82],[3.15,0]],"id":65788088}],"con":true,"img":false}]}
{"op":"mcm","clk":"11450323980","pt":1717320539715,"mc":[{"id":"1.229554919","rc":[{"atl":[[3.15,6.98]],"id":65788088}],"con":true,"img":false}]}
{"op":"mcm","clk":"11450324176","pt":1717320542159,"mc":[{"id":"1.229554919","rc":[{"atl":[[3.15,0],[3.25,6.67]],"id":65788088}],"con":true,"img":false}]}
{"op":"mcm","clk":"11450324193","pt":1717320542359,"mc":[{"id":"1.229554919","rc":[{"atl":[[5.1,12.82],[5.3,0]],"id":46292327},{"atl":[[3.2,0],[3.4,6.25],[3.5,6]],"id":65788088}],"con":true,"img":false}]}
{"op":"mcm","clk":"11450324210","pt":1717320542551,"mc":[{"id":"1.229554919","rc":[{"atl":[[3.25,0]],"id":65788088}],"con":true,"img":false}]}
{"op":"mcm","clk":"11450324301","pt":1717320543637,"mc":[{"id":"1.229554919","rc":[{"atl":[[3.2,6.82],[3.35,0]],"id":65788088}],"con":true,"img":false}]}
{"op":"mcm","clk":"11450324312","pt":1717320543743,"mc":[{"id":"1.229554919","rc":[{"atl":[[3.25,6.67]],"id":65788088}],"con":true,"img":false}]}
{"op":"mcm","clk":"11450324765","pt":1717320549444,"mc":[{"id":"1.229554919","rc":[{"atl":[[3.2,0]],"id":65788088}],"con":true,"img":false}]}
{"op":"mcm","clk":"11450324796","pt":1717320549758,"mc":[{"id":"1.229554919","rc":[{"atl":[[3.25,0]],"id":65788088}],"con":true,"img":false}]}
{"op":"mcm","clk":"11450324804","pt":1717320549861,"mc":[{"id":"1.229554919","rc":[{"atb":[[1.19,0],[1.29,0]],"id":46292327},{"atb":[[2.74,0],[2.94,0]],"id":65788088}],"con":true,"img":false}]}
{"op":"mcm","clk":"11450324835","pt":1717320550222,"mc":[{"id":"1.229554919","rc":[{"atl":[[3.2,6.82],[3.4,0]],"id":65788088}],"con":true,"img":false}]}
{"op":"mcm","clk":"11450325363","pt":1717320556564,"mc":[{"id":"1.229554919","rc":[{"atb":[[1.33,45.45],[1.34,0]],"id":65788088}],"con":true,"img":false}]}
{"op":"mcm","clk":"11450325724","pt":1717320560969,"mc":[{"id":"1.229554919","rc":[{"atl":[[3.2,0],[3.3,6.52]],"id":65788088}],"con":true,"img":false}]}
{"op":"mcm","clk":"11450326232","pt":1717320567665,"mc":[{"id":"1.229554919","rc":[{"atb":[[1.19,41.3],[1.29,27.05]],"id":46292327},{"atb":[[2.74,4.5],[2.94,4.04]],"id":65788088}],"con":true,"img":false}]}
{"op":"mcm","clk":"11450326389","pt":1717320569584,"mc":[{"id":"1.229554919","rc":[{"atl":[[3.35,6.38],[3.3,0]],"id":65788088}],"con":true,"img":false}]}
{"op":"mcm","clk":"11450326475","pt":1717320570771,"mc":[{"id":"1.229554919","rc":[{"atl":[[4.1,4.84],[4.2,0]],"id":46292327},{"atl":[[3.35,0]],"id":65788088}],"con":true,"img":false}]}
{"op":"mcm","clk":"11450326483","pt":1717320570873,"mc":[{"id":"1.229554919","rc":[{"atl":[[27,3.85]],"id":65788088}],"con":true,"img":false}]}
{"op":"mcm","clk":"11450326491","pt":1717320570971,"mc":[{"id":"1.229554919","rc":[{"atl":[[7,0]],"id":65788088}],"con":true,"img":false}]}
{"op":"mcm","clk":"11450327013","pt":1717320578574,"mc":[{"id":"1.229554919","rc":[{"atl":[[4.1,0],[4.2,4.69]],"id":46292327}],"con":true,"img":false}]}
{"op":"mcm","clk":"11450327098","pt":1717320579571,"mc":[{"id":"1.229554919","rc":[{"atl":[[3.6,7.69]],"id":65788088}],"con":true,"img":false}]}
{"op":"mcm","clk":"11450327811","pt":1717320589596,"mc":[{"id":"1.229554919","rc":[{"atl":[[3.7,9.26]],"id":65788088}],"con":true,"img":false}]}
{"op":"mcm","clk":"11450327818","pt":1717320589721,"mc":[{"id":"1.229554919","rc":[{"atl":[[7.4,13.69]],"id":65788088}],"con":true,"img":false}]}
{"op":"mcm","clk":"11450327827","pt":1717320589802,"mc":[{"id":"1.229554919","rc":[{"atl":[[27,0]],"id":65788088}],"con":true,"img":false}]}
{"op":"mcm","clk":"11450328501","pt":1717320599615,"mc":[{"id":"1.229554919","rc":[{"atl":[[3.8,10.71],[3.65,5.66]],"id":65788088}],"con":true,"img":false}]}
{"op":"mcm","clk":"11450328509","pt":1717320599720,"mc":[{"id":"1.229554919","rc":[{"atl":[[3.5,0]],"id":65788088}],"con":true,"img":false}]}
{"op":"mcm","clk":"11450328959","pt":1717320604759,"mc":[{"id":"1.229554919","rc":[{"atl":[[3.6,0]],"id":65788088}],"con":true,"img":false}]}
{"op":"mcm","clk":"11450328976","pt":1717320604967,"mc":[{"id":"1.229554919","rc":[{"atb":[[1.19,0],[1.29,0]],"id":46292327},{"atb":[[2.74,0],[2.94,0]],"id":65788088}],"con":true,"img":false}]}
{"op":"mcm","clk":"11450329089","pt":1717320606139,"mc":[{"id":"1.229554919","rc":[{"atb":[[1.33,0],[1.34,44.12]],"id":65788088}],"con":true,"img":false}]}
{"op":"mcm","clk":"11450329793","pt":1717320615976,"mc":[{"id":"1.229554919","rc":[{"atl":[[3.75,7.27]],"id":65788088}],"con":true,"img":false}]}
{"op":"mcm","clk":"11450330398","pt":1717320623597,"mc":[{"id":"1.229554919","rc":[{"atb":[[1.23,34.12],[1.13,60.36]],"id":46292327},{"atb":[[3.35,3.33],[2.94,4.04]],"id":65788088}],"con":true,"img":false}]}
{"op":"mcm","clk":"11450333309","pt":1717320660743,"mc":[{"id":"1.229554919","rc":[{"atb":[[1.23,0],[1.13,0]],"id":46292327},{"atb":[[3.35,0],[2.94,0]],"id":65788088}],"con":true,"img":false}]}
{"op":"mcm","clk":"11450334351","pt":1717320673955,"mc":[{"id":"1.229554919","rc":[{"atb":[[1.21,37.37],[1.11,71.34]],"id":46292327},{"atb":[[3.45,3.2],[2.98,3.96]],"id":65788088}],"con":true,"img":false}]}
{"op":"mcm","clk":"11450343102","pt":1717320781447,"mc":[{"id":"1.229554919","rc":[{"atb":[[1.18,0],[1.2,75]],"id":46292327},{"atl":[[3.6,5.77],[3.65,0]],"id":65788088}],"con":true,"img":false}]}
{"op":"mcm","clk":"11450343340","pt":1717320784260,"mc":[{"id":"1.229554919","rc":[{"atb":[[1.2,0],[1.19,78.95]],"id":46292327}],"con":true,"img":false}]}
{"op":"mcm","clk":"11450346022","pt":1717320818109,"mc":[{"id":"1.229554919","rc":[{"atl":[[3.6,0],[3.7,5.56]],"id":65788088}],"con":true,"img":false}]}
{"op":"mcm","clk":"11450346819","pt":1717320828093,"mc":[{"id":"1.229554919","rc":[{"atl":[[3.8,7.14]],"id":65788088}],"con":true,"img":false}]}
{"op":"mcm","clk":"11450347666","pt":1717320838115,"mc":[{"id":"1.229554919","rc":[{"atl":[[3.9,8.62]],"id":65788088}],"con":true,"img":false}]}
{"op":"mcm","clk":"11450347765","pt":1717320839108,"mc":[{"id":"1.229554919","rc":[{"atl":[[3.7,0],[3.8,5.36]],"id":65788088}],"con":true,"img":false}]}
{"op":"mcm","clk":"11450348394","pt":1717320845631,"mc":[{"id":"1.229554919","rc":[{"atl":[[3.75,0]],"id":65788088}],"con":true,"img":false}]}
{"op":"mcm","clk":"11450348712","pt":1717320849114,"mc":[{"id":"1.229554919","rc":[{"atl":[[3.9,6.9]],"id":65788088}],"con":true,"img":false}]}
{"op":"mcm","clk":"11450349613","pt":1717320859091,"mc":[{"id":"1.229554919","rc":[{"atl":[[4,8.33]],"id":65788088}],"con":true,"img":false}]}
{"op":"mcm","clk":"11450350455","pt":1717320869113,"mc":[{"id":"1.229554919","rc":[{"atl":[[4.2,9.38]],"id":65788088}],"con":true,"img":false}]}
{"op":"mcm","clk":"11450357580","pt":1717320955095,"mc":[{"id":"1.229554919","rc":[{"atl":[[4.1,4.84],[4.2,0]],"id":46292327}],"con":true,"img":false}]}
{"op":"mcm","clk":"11450358676","pt":1717320968414,"mc":[{"id":"1.229554919","rc":[{"atl":[[4.1,0],[4.2,4.69]],"id":46292327}],"con":true,"img":false}]}
{"op":"mcm","clk":"11450359516","pt":1717320979327,"mc":[{"id":"1.229554919","rc":[{"atl":[[3.8,0],[3.75,5.45]],"id":65788088}],"con":true,"img":false}]}
{"op":"mcm","clk":"11450360410","pt":1717320990650,"mc":[{"id":"1.229554919","rc":[{"atb":[[1.21,0],[1.11,0]],"id":46292327},{"atb":[[3.45,0],[2.98,0]],"id":65788088}],"con":true,"img":false}]}
{"op":"mcm","clk":"11450362078","pt":1717321011721,"mc":[{"id":"1.229554919","rc":[{"atb":[[1.21,37.37],[1.11,71.34]],"id":46292327},{"atb":[[3.45,3.2],[2.98,3.96]],"id":65788088}],"con":true,"img":false}]}
{"op":"mcm","clk":"11450362168","pt":1717321012813,"mc":[{"id":"1.229554919","rc":[{"atl":[[3.8,5.36],[3.75,0]],"id":65788088}],"con":true,"img":false}]}
{"op":"mcm","clk":"11450362685","pt":1717321019075,"mc":[{"id":"1.229554919","rc":[{"atl":[[3.8,0],[3.75,5.45]],"id":65788088}],"con":true,"img":false}]}
{"op":"mcm","clk":"11450364395","pt":1717321039930,"mc":[{"id":"1.229554919","rc":[{"atl":[[3.8,5.36],[3.75,0]],"id":65788088}],"con":true,"img":false}]}
{"op":"mcm","clk":"11450364697","pt":1717321044348,"mc":[{"id":"1.229554919","rc":[{"atb":[[1.2,75],[1.19,0]],"id":46292327}],"con":true,"img":false}]}
{"op":"mcm","clk":"11450365078","pt":1717321049432,"mc":[{"id":"1.229554919","rc":[{"atl":[[3.8,0],[3.75,5.45]],"id":65788088}],"con":true,"img":false}]}
{"op":"mcm","clk":"11450365440","pt":1717321054343,"mc":[{"id":"1.229554919","rc":[{"atb":[[1.18,111.11]],"id":46292327}],"con":true,"img":false}]}
{"op":"mcm","clk":"11450365596","pt":1717321056566,"mc":[{"id":"1.229554919","rc":[{"atb":[[1.2,0],[1.12,0],[1.24,62.5]],"id":46292327}],"con":true,"img":false}]}
{"op":"mcm","clk":"11450365751","pt":1717321058855,"mc":[{"id":"1.229554919","rc":[{"atb":[[1.2,75],[1.24,0]],"id":46292327}],"con":true,"img":false}]}
{"op":"mcm","clk":"11450366178","pt":1717321064449,"mc":[{"id":"1.229554919","rc":[{"atb":[[1.24,62.5]],"id":46292327}],"con":true,"img":false}]}
{"op":"mcm","clk":"11450366183","pt":1717321064559,"mc":[{"id":"1.229554919","rc":[{"atb":[[1.2,0]],"id":46292327}],"con":true,"img":false}]}
{"op":"mcm","clk":"11450366846","pt":1717321074485,"mc":[{"id":"1.229554919","rc":[{"atb":[[1.22,90.91]],"id":46292327}],"con":true,"img":false}]}
{"op":"mcm","clk":"11450366990","pt":1717321076766,"mc":[{"id":"1.229554919","rc":[{"atb":[[1.14,0]],"id":46292327}],"con":true,"img":false}]}
{"op":"mcm","clk":"11450367200","pt":1717321080297,"mc":[{"id":"1.229554919","rc":[{"atl":[[3.8,5.36],[3.75,0]],"id":65788088}],"con":true,"img":false}]}
{"op":"mcm","clk":"11450367308","pt":1717321081694,"mc":[{"id":"1.229554919","rc":[{"atb":[[1.2,75],[1.24,0]],"id":46292327}],"con":true,"img":false}]}
{"op":"mcm","clk":"11450367331","pt":1717321082012,"mc":[{"id":"1.229554919","rc":[{"atb":[[1.22,0],[1.24,62.5]],"id":46292327}],"con":true,"img":false}]}
{"op":"mcm","clk":"11450367853","pt":1717321089489,"mc":[{"id":"1.229554919","rc":[{"atl":[[3.8,0],[3.75,5.45]],"id":65788088}],"con":true,"img":false}]}
{"op":"mcm","clk":"11450368020","pt":1717321091998,"mc":[{"id":"1.229554919","rc":[{"atb":[[1.22,90.91]],"id":46292327}],"con":true,"img":false}]}
{"op":"mcm","clk":"11450368098","pt":1717321093087,"mc":[{"id":"1.229554919","rc":[{"atb":[[1.16,0],[1.22,0],[1.24,0]],"id":46292327}],"con":true,"img":false}]}
{"op":"mcm","clk":"11450368633","pt":1717321100524,"mc":[{"id":"1.229554919","rc":[{"atb":[[1.23,65.22]],"id":46292327}],"con":true,"img":false}]}
{"op":"mcm","clk":"11450368824","pt":1717321103218,"mc":[{"id":"1.229554919","rc":[{"atb":[[1.19,78.95],[1.23,0]],"id":46292327}],"con":true,"img":false}]}
{"op":"mcm","clk":"11450368901","pt":1717321104407,"mc":[{"id":"1.229554919","rc":[{"atb":[[1.23,65.22]],"id":46292327}],"con":true,"img":false}]}
{"op":"mcm","clk":"11450369589","pt":1717321114638,"mc":[{"id":"1.229554919","rc":[{"atb":[[1.23,0]],"id":46292327}],"con":true,"img":false}]}
{"op":"mcm","clk":"11450369657","pt":1717321115835,"mc":[{"id":"1.229554919","rc":[{"atb":[[1.23,65.22]],"id":46292327}],"con":true,"img":false}]}
{"op":"mcm","clk":"11450369938","pt":1717321120339,"mc":[{"id":"1.229554919","rc":[{"atl":[[3.8,5.36],[3.75,0]],"id":65788088}],"con":true,"img":false}]}
{"op":"mcm","clk":"11450370391","pt":1717321127234,"mc":[{"id":"1.229554919","rc":[{"atb":[[1.23,0]],"id":46292327}],"con":true,"img":false}]}
{"op":"mcm","clk":"11450370508","pt":1717321128626,"mc":[{"id":"1.229554919","rc":[{"atb":[[1.23,65.22]],"id":46292327}],"con":true,"img":false}]}
{"op":"mcm","clk":"11450370573","pt":1717321129550,"mc":[{"id":"1.229554919","rc":[{"atl":[[3.75,5.45]],"id":65788088}],"con":true,"img":false}]}
{"op":"mcm","clk":"11450370581","pt":1717321129654,"mc":[{"id":"1.229554919","rc":[{"atl":[[4,0],[3.8,0],[3.9,0],[4.2,0]],"id":65788088}],"con":true,"img":false}]}
{"op":"mcm","clk":"11450370583","pt":1717321129756,"mc":[{"id":"1.229554919","rc":[{"atl":[[7.4,0],[28,3.7]],"id":65788088}],"con":true,"img":false}]}
{"op":"mcm","clk":"11450370981","pt":1717321135849,"mc":[{"id":"1.229554919","rc":[{"atb":[[1.23,0]],"id":46292327}],"con":true,"img":false}]}
{"op":"mcm","clk":"11450371123","pt":1717321137767,"mc":[{"id":"1.229554919","rc":[{"atb":[[1.2,0]],"id":46292327}],"con":true,"img":false}]}
{"op":"mcm","clk":"11450371196","pt":1717321138647,"mc":[{"id":"1.229554919","rc":[{"atb":[[1.17,117.65]],"id":46292327}],"con":true,"img":false}]}
{"op":"mcm","clk":"11450371265","pt":1717321139572,"mc":[{"id":"1.229554919","rc":[{"atl":[[3.85,7.02]],"id":65788088}],"con":true,"img":false}]}
{"op":"mcm","clk":"11450371935","pt":1717321148637,"mc":[{"id":"1.229554919","rc":[{"atb":[[1.15,166.67]],"id":46292327}],"con":true,"img":false}]}
{"op":"mcm","clk":"11450372002","pt":1717321149575,"mc":[{"id":"1.229554919","rc":[{"atl":[[3.95,8.47]],"id":65788088}],"con":true,"img":false}]}
{"op":"mcm","clk":"11450372011","pt":1717321149677,"mc":[{"id":"1.229554919","rc":[{"atl":[[7.6,14.04]],"id":65788088}],"con":true,"img":false}]}
{"op":"mcm","clk":"11450372019","pt":1717321149779,"mc":[{"id":"1.229554919","rc":[{"atl":[[28,0]],"id":65788088}],"con":true,"img":false}]}
{"op":"mcm","clk":"11450372143","pt":1717321151905,"mc":[{"id":"1.229554919","rc":[{"atl":[[4.1,4.84],[4.2,0]],"id":46292327}],"con":true,"img":false}]}
{"op":"mcm","clk":"11450372693","pt":1717321159552,"mc":[{"id":"1.229554919","rc":[{"atl":[[4.1,9.68]],"id":65788088}],"con":true,"img":false}]}
{"op":"mcm","clk":"11450372713","pt":1717321159864,"mc":[{"id":"1.229554919","rc":[{"atl":[[3.8,5.36],[3.75,0]],"id":65788088}],"con":true,"img":false}]}
{"op":"mcm","clk":"11450373416","pt":1717321170092,"mc":[{"id":"1.229554919","rc":[{"atl":[[3.8,0],[3.75,5.45]],"id":65788088}],"con":true,"img":false}]}
{"op":"mcm","clk":"11450375302","pt":1717321200875,"mc":[{"id":"1.229554919","rc":[{"atl":[[3.8,5.36]],"id":65788088}],"con":true,"img":false}]}
{"op":"mcm","clk":"11450375310","pt":1717321200982,"mc":[{"id":"1.229554919","rc":[{"atl":[[3.75,0]],"id":65788088}],"con":true,"img":false}]}
{"op":"mcm","clk":"11450375933","pt":1717321212471,"mc":[{"id":"1.229554919","rc":[{"atb":[[1.2,75],[1.19,0]],"id":46292327}],"con":true,"img":false}]}
{"op":"mcm","clk":"11450375961","pt":1717321212988,"mc":[{"id":"1.229554919","rc":[{"atl":[[3.75,5.45]],"id":65788088}],"con":true,"img":false}]}
{"op":"mcm","clk":"11450375967","pt":1717321213092,"mc":[{"id":"1.229554919","rc":[{"atl":[[3.8,0]],"id":65788088}],"con":true,"img":false}]}
{"op":"mcm","clk":"11450376998","pt":1717321229824,"mc":[{"id":"1.229554919","rc":[{"atb":[[1.2,0],[1.19,78.95]],"id":46292327}],"con":true,"img":false}]}
{"op":"mcm","clk":"11450378076","pt":1717321248124,"mc":[{"id":"1.229554919","rc":[{"atl":[[3.8,5.36]],"id":65788088}],"con":true,"img":false}]}
{"op":"mcm","clk":"11450378079","pt":1717321248227,"mc":[{"id":"1.229554919","rc":[{"atl":[[3.75,0]],"id":65788088}],"con":true,"img":false}]}
{"op":"mcm","clk":"11450379813","pt":1717321274732,"mc":[{"id":"1.229554919","rc":[{"atl":[[3.75,5.45]],"id":65788088}],"con":true,"img":false}]}
{"op":"mcm","clk":"11450379822","pt":1717321274837,"mc":[{"id":"1.229554919","rc":[{"atl":[[3.8,0]],"id":65788088}],"con":true,"img":false}]}
{"op":"mcm","clk":"11450380246","pt":1717321281225,"mc":[{"id":"1.229554919","rc":[{"atl":[[3.85,12.28]],"id":65788088}],"con":true,"img":false}]}
{"op":"mcm","clk":"11450380251","pt":1717321281328,"mc":[{"id":"1.229554919","rc":[{"atl":[[3.85,5.26],[3.75,0]],"id":65788088}],"con":true,"img":false}]}
{"op":"mcm","clk":"11450380931","pt":1717321291283,"mc":[{"id":"1.229554919","rc":[{"atl":[[3.95,15.25]],"id":65788088}],"con":true,"img":false}]}
{"op":"mcm","clk":"11450380935","pt":1717321291391,"mc":[{"id":"1.229554919","rc":[{"atl":[[3.95,6.77]],"id":65788088}],"con":true,"img":false}]}
{"op":"mcm","clk":"11450381553","pt":1717321301273,"mc":[{"id":"1.229554919","rc":[{"atl":[[4.1,17.74]],"id":65788088}],"con":true,"img":false}]}
{"op":"mcm","clk":"11450381560","pt":1717321301380,"mc":[{"id":"1.229554919","rc":[{"atl":[[4.1,8.06]],"id":65788088}],"con":true,"img":false}]}
{"op":"mcm","clk":"11450381666","pt":1717321302986,"mc":[{"id":"1.229554919","rc":[{"atl":[[3.75,5.45]],"id":65788088}],"con":true,"img":false}]}
{"op":"mcm","clk":"11450382295","pt":1717321314219,"mc":[{"id":"1.229554919","rc":[{"atb":[[1.21,0],[1.11,0]],"id":46292327},{"atb":[[3.45,0],[2.98,0]],"id":65788088}],"con":true,"img":false}]}
{"op":"mcm","clk":"11450382471","pt":1717321317085,"mc":[{"id":"1.229554919","rc":[{"atb":[[1.34,0],[1.35,42.86]],"id":65788088}],"con":true,"img":false}]}
{"op":"mcm","clk":"11450383466","pt":1717321332960,"mc":[{"id":"1.229554919","rc":[{"atb":[[1.21,37.37],[1.11,71.34]],"id":46292327},{"atb":[[3.45,3.2],[2.98,3.96]],"id":65788088}],"con":true,"img":false}]}
{"op":"mcm","clk":"11450384332","pt":1717321347682,"mc":[{"id":"1.229554919","rc":[{"atb":[[1.19,0],[1.23,65.22]],"id":46292327}],"con":true,"img":false}]}
{"op":"mcm","clk":"11450384948","pt":1717321357690,"mc":[{"id":"1.229554919","rc":[{"atb":[[1.21,132.61]],"id":46292327}],"con":true,"img":false}]}
{"op":"mcm","clk":"11450385090","pt":1717321360298,"mc":[{"id":"1.229554919","rc":[{"atb":[[1.15,0]],"id":46292327}],"con":true,"img":false}]}
{"op":"mcm","clk":"11450385313","pt":1717321364398,"mc":[{"id":"1.229554919","rc":[{"atb":[[1.19,78.95],[1.23,0]],"id":46292327}],"con":true,"img":false}]}
{"op":"mcm","clk":"11450385341","pt":1717321364816,"mc":[{"id":"1.229554919","rc":[{"atb":[[1.23,65.22]],"id":46292327}],"con":true,"img":false}]}
{"op":"mcm","clk":"11450385349","pt":1717321364877,"mc":[{"id":"1.229554919","rc":[{"atb":[[1.21,37.37]],"id":46292327}],"con":true,"img":false}]}
{"op":"mcm","clk":"11450385372","pt":1717321365488,"mc":[{"id":"1.229554919","rc":[{"atb":[[1.23,0]],"id":46292327}],"con":true,"img":false}]}
{"op":"mcm","clk":"11450385657","pt":1717321369892,"mc":[{"id":"1.229554919","rc":[{"atb":[[1.23,65.22]],"id":46292327}],"con":true,"img":false}]}
{"op":"mcm","clk":"11450385745","pt":1717321371289,"mc":[{"id":"1.229554919","rc":[{"atb":[[1.23,0]],"id":46292327}],"con":true,"img":false}]}
{"op":"mcm","clk":"11450385940","pt":1717321374604,"mc":[{"id":"1.229554919","rc":[{"atb":[[1.2,75]],"id":46292327}],"con":true,"img":false}]}
{"op":"mcm","clk":"11450387771","pt":1717321402933,"mc":[{"id":"1.229554919","rc":[{"atb":[[1.2,0]],"id":46292327}],"con":true,"img":false}]}
{"op":"mcm","clk":"11450388361","pt":1717321412938,"mc":[{"id":"1.229554919","rc":[{"atb":[[1.15,166.67]],"id":46292327}],"con":true,"img":false}]}
{"op":"mcm","clk":"11450392057","pt":1717321473918,"mc":[{"id":"1.229554919","rc":[{"atb":[[1.23,65.22]],"id":46292327}],"con":true,"img":false}]}
{"op":"mcm","clk":"11450392065","pt":1717321474020,"mc":[{"id":"1.229554919","rc":[{"atb":[[1.19,0]],"id":46292327}],"con":true,"img":false}]}
{"op":"mcm","clk":"11450392140","pt":1717321475428,"mc":[{"id":"1.229554919","rc":[{"atb":[[1.19,78.95],[1.23,0]],"id":46292327}],"con":true,"img":false}]}
{"op":"mcm","clk":"11450398711","pt":1717321570909,"mc":[{"id":"1.229554919","rc":[{"atl":[[3.75,0]],"id":65788088}],"con":true,"img":false}]}
{"op":"mcm","clk":"11450399345","pt":1717321579048,"mc":[{"id":"1.229554919","rc":[{"atl":[[4.3,9.09]],"id":65788088}],"con":true,"img":false}]}
{"op":"mcm","clk":"11450399483","pt":1717321580869,"mc":[{"id":"1.229554919","rc":[{"atl":[[3.85,0],[4.1,4.84]],"id":65788088}],"con":true,"img":false}]}
{"op":"mcm","clk":"11450399492","pt":1717321580972,"mc":[{"id":"1.229554919","rc":[{"atl":[[3.75,5.45]],"id":65788088}],"con":true,"img":false}]}
{"op":"mcm","clk":"11450400184","pt":1717321590987,"mc":[{"id":"1.229554919","rc":[{"atl":[[3.85,7.02]],"id":65788088}],"con":true,"img":false}]}
{"op":"mcm","clk":"11450400331","pt":1717321592801,"mc":[{"id":"1.229554919","rc":[{"atl":[[4.3,0]],"id":65788088}],"con":true,"img":false}]}
{"op":"mcm","clk":"11450402129","pt":1717321617339,"mc":[{"id":"1.229554919","rc":[{"atl":[[3.8,5.36],[3.75,0]],"id":65788088}],"con":true,"img":false}]}
{"op":"mcm","clk":"11450402163","pt":1717321617918,"mc":[{"id":"1.229554919","rc":[{"atl":[[3.8,0],[3.75,5.45]],"id":65788088}],"con":true,"img":false}]}
{"op":"mcm","clk":"11450404643","pt":1717321651068,"mc":[{"id":"1.229554919","rc":[{"atb":[[1.19,0],[1.24,62.5]],"id":46292327}],"con":true,"img":false}]}
{"op":"mcm","clk":"11450405231","pt":1717321659388,"mc":[{"id":"1.229554919","rc":[{"atb":[[1.23,65.22],[1.24,0]],"id":46292327}],"con":true,"img":false}]}
{"op":"mcm","clk":"11450405414","pt":1717321661612,"mc":[{"id":"1.229554919","rc":[{"atb":[[1.23,0],[1.24,62.5]],"id":46292327}],"con":true,"img":false}]}
{"op":"mcm","clk":"11450405499","pt":1717321662809,"mc":[{"id":"1.229554919","rc":[{"atb":[[1.23,65.22],[1.24,0]],"id":46292327}],"con":true,"img":false}]}
{"op":"mcm","clk":"11450405551","pt":1717321663327,"mc":[{"id":"1.229554919","rc":[{"atb":[[1.31,10]],"id":46292327},{"atl":[[4.1,0],[3.7,10],[3.9,5.17]],"id":46292327},{"atb":[[1.35,52.86]],"id":65788088},{"atl":[[3.95,16.78]],"id":65788088}],"con":true,"img":false}]}
{"op":"mcm","clk":"11450405558","pt":1717321663391,"mc":[{"id":"1.229554919","rc":[{"atb":[[1.23,0],[1.24,62.5]],"id":46292327}],"con":true,"img":false}]}
{"op":"mcm","clk":"11450405578","pt":1717321663741,"mc":[{"id":"1.229554919","rc":[{"atb":[[1.2,75],[1.24,0]],"id":46292327}],"con":true,"img":false}]}
{"op":"mcm","clk":"11450405610","pt":1717321664209,"mc":[{"id":"1.229554919","rc":[{"atb":[[1.2,0],[1.24,62.5]],"id":46292327}],"con":true,"img":false}]}
{"op":"mcm","clk":"11450405758","pt":1717321666291,"mc":[{"id":"1.229554919","rc":[{"atl":[[3.8,5.36],[3.75,0]],"id":65788088}],"con":true,"img":false}]}
{"op":"mcm","clk":"11450405910","pt":1717321668415,"mc":[{"id":"1.229554919","rc":[{"atl":[[3.45,10],[3.7,0]],"id":46292327}],"con":true,"img":false}]}
{"op":"mcm","clk":"11450406274","pt":1717321672909,"mc":[{"id":"1.229554919","rc":[{"atb":[[1.2,75]],"id":46292327}],"con":true,"img":false}]}
{"op":"mcm","clk":"11450406281","pt":1717321673013,"mc":[{"id":"1.229554919","rc":[{"atb":[[1.24,0]],"id":46292327}],"con":true,"img":false}]}
{"op":"mcm","clk":"11450406314","pt":1717321673430,"mc":[{"id":"1.229554919","rc":[{"atb":[[1.24,62.5]],"id":46292327}],"con":true,"img":false}]}
{"op":"mcm","clk":"11450406320","pt":1717321673530,"mc":[{"id":"1.229554919","rc":[{"atb":[[1.2,0]],"id":46292327}],"con":true,"img":false}]}
{"op":"mcm","clk":"11450406380","pt":1717321674318,"mc":[{"id":"1.229554919","rc":[{"atb":[[1.2,75],[1.24,0]],"id":46292327}],"con":true,"img":false}]}
{"op":"mcm","clk":"11450406719","pt":1717321679237,"mc":[{"id":"1.229554919","rc":[{"atb":[[1.21,0],[1.11,0],[1.32,10]],"id":46292327},{"atb":[[3.45,0],[2.98,0]],"id":65788088},{"atl":[[3.8,0],[3.9,10],[3.75,5.45]],"id":65788088}],"con":true,"img":false}]}
{"op":"mcm","clk":"11450406729","pt":1717321679340,"mc":[{"id":"1.229554919","rc":[{"atb":[[1.31,0]],"id":46292327},{"atb":[[1.39,10]],"id":65788088},{"atl":[[3.95,6.78]],"id":65788088}],"con":true,"img":false}]}
{"op":"mcm","clk":"11450406735","pt":1717321679445,"mc":[{"id":"1.229554919","rc":[{"atb":[[1.35,42.86]],"id":65788088}],"con":true,"img":false}]}
{"op":"mcm","clk":"11450406740","pt":1717321679548,"mc":[{"id":"1.229554919","rc":[{"atb":[[1.35,0],[1.38,39.47]],"id":65788088}],"con":true,"img":false}]}
{"op":"mcm","clk":"11450407107","pt":1717321684313,"mc":[{"id":"1.229554919","rc":[{"atb":[[1.32,0],[1.34,10]],"id":46292327},{"atl":[[4,6.67]],"id":46292327},{"atl":[[3.7,10],[3.9,0]],"id":65788088}],"con":true,"img":false}]}
{"op":"mcm","clk":"11450407163","pt":1717321685239,"mc":[{"id":"1.229554919","rc":[{"atl":[[4.8,0]],"id":46292327}],"con":true,"img":false}]}
{"op":"mcm","clk":"11450407492","pt":1717321689558,"mc":[{"id":"1.229554919","rc":[{"atb":[[1.36,55.56]],"id":65788088}],"con":true,"img":false}]}
{"op":"mcm","clk":"11450407634","pt":1717321691323,"mc":[{"id":"1.229554919","rc":[{"atb":[[1.28,0]],"id":65788088}],"con":true,"img":false}]}
{"op":"mcm","clk":"11450407711","pt":1717321692146,"mc":[{"id":"1.229554919","rc":[{"atb":[[1.34,0],[1.35,10]],"id":46292327},{"atl":[[3.6,10],[3.7,0]],"id":65788088}],"con":true,"img":false}]}
{"op":"mcm","clk":"11450407886","pt":1717321694346,"mc":[{"id":"1.229554919","rc":[{"atl":[[4.2,7.81]],"id":46292327}],"con":true,"img":false}]}
{"op":"mcm","clk":"11450407898","pt":1717321694450,"mc":[{"id":"1.229554919","rc":[{"atl":[[4.6,0]],"id":46292327}],"con":true,"img":false}]}
{"op":"mcm","clk":"11450407950","pt":1717321695329,"mc":[{"id":"1.229554919","rc":[{"atb":[[1.34,10]],"id":46292327},{"atl":[[3.7,10]],"id":65788088}],"con":true,"img":false}]}
{"op":"mcm","clk":"11450407957","pt":1717321695435,"mc":[{"id":"1.229554919","rc":[{"atb":[[1.35,0]],"id":46292327},{"atl":[[3.6,0]],"id":65788088}],"con":true,"img":false}]}
{"op":"mcm","clk":"11450408145","pt":1717321698386,"mc":[{"id":"1.229554919","rc":[{"atb":[[1.21,37.37],[1.11,71.34]],"id":46292327},{"atb":[[3.45,3.2],[2.98,3.96]],"id":65788088}],"con":true,"img":false}]}
{"op":"mcm","clk":"11450408313","pt":1717321700456,"mc":[{"id":"1.229554919","rc":[{"atb":[[1.32,10],[1.34,0]],"id":46292327},{"atl":[[3.85,17.02],[3.7,0]],"id":65788088}],"con":true,"img":false}]}
{"op":"mcm","clk":"11450408323","pt":1717321700559,"mc":[{"id":"1.229554919","rc":[{"atl":[[3.85,7.02],[3.9,10]],"id":65788088}],"con":true,"img":false}]}
{"op":"mcm","clk":"11450409082","pt":1717321710558,"mc":[{"id":"1.229554919","rc":[{"atb":[[1.32,0],[1.31,10]],"id":46292327},{"atl":[[3.8,5.36],[3.75,0]],"id":65788088}],"con":true,"img":false}]}
{"op":"mcm","clk":"11450409520","pt":1717321716672,"mc":[{"id":"1.229554919","rc":[{"atl":[[3.8,0],[3.75,5.45]],"id":65788088}],"con":true,"img":false}]}
{"op":"mcm","clk":"11450409597","pt":1717321717703,"mc":[{"id":"1.229554919","rc":[{"atb":[[1.32,10],[1.31,0]],"id":46292327}],"con":true,"img":false}]}
{"op":"mcm","clk":"11450409642","pt":1717321718377,"mc":[{"id":"1.229554919","rc":[{"atl":[[3.85,17.02]],"id":65788088}],"con":true,"img":false}]}
{"op":"mcm","clk":"11450409649","pt":1717321718481,"mc":[{"id":"1.229554919","rc":[{"atl":[[3.9,0]],"id":65788088}],"con":true,"img":false}]}
{"op":"mcm","clk":"11450409747","pt":1717321719583,"mc":[{"id":"1.229554919","rc":[{"atb":[[1.32,0],[1.31,10]],"id":46292327},{"atl":[[3.85,7.02],[3.95,16.78]],"id":65788088}],"con":true,"img":false}]}
{"op":"mcm","clk":"11450409780","pt":1717321720000,"mc":[{"id":"1.229554919","rc":[{"atl":[[3.8,5.36],[3.75,0]],"id":65788088}],"con":true,"img":false}]}
{"op":"mcm","clk":"11450409792","pt":1717321720099,"mc":[{"id":"1.229554919","rc":[{"atl":[[3.85,17.02]],"id":65788088}],"con":true,"img":false}]}
{"op":"mcm","clk":"11450409798","pt":1717321720201,"mc":[{"id":"1.229554919","rc":[{"atl":[[3.95,6.78]],"id":65788088}],"con":true,"img":false}]}
{"op":"mcm","clk":"11450409823","pt":1717321720469,"mc":[{"id":"1.229554919","rc":[{"atb":[[1.33,10]],"id":46292327},{"atl":[[3.8,0],[3.75,5.45]],"id":65788088}],"con":true,"img":false}]}
{"op":"mcm","clk":"11450409831","pt":1717321720569,"mc":[{"id":"1.229554919","rc":[{"atb":[[1.31,0]],"id":46292327}],"con":true,"img":false}]}
{"op":"mcm","clk":"11450410052","pt":1717321723693,"mc":[{"id":"1.229554919","rc":[{"atb":[[1.31,10]],"id":46292327}],"con":true,"img":false}]}
{"op":"mcm","clk":"11450410064","pt":1717321723797,"mc":[{"id":"1.229554919","rc":[{"atb":[[1.33,0]],"id":46292327}],"con":true,"img":false}]}
{"op":"mcm","clk":"11450410190","pt":1717321725199,"mc":[{"id":"1.229554919","rc":[{"atl":[[3.95,16.78]],"id":65788088}],"con":true,"img":false}]}
{"op":"mcm","clk":"11450410203","pt":1717321725302,"mc":[{"id":"1.229554919","rc":[{"atl":[[3.85,7.02]],"id":65788088}],"con":true,"img":false}]}
{"op":"mcm","clk":"11450410315","pt":1717321726698,"mc":[{"id":"1.229554919","rc":[{"atl":[[3.8,5.36],[3.75,0]],"id":65788088}],"con":true,"img":false}]}
{"op":"mcm","clk":"11450410323","pt":1717321726802,"mc":[{"id":"1.229554919","rc":[{"atl":[[3.85,17.02],[3.95,6.78]],"id":65788088}],"con":true,"img":false}]}
{"op":"mcm","clk":"11450410333","pt":1717321726907,"mc":[{"id":"1.229554919","rc":[{"atl":[[3.85,7.02],[3.95,16.78]],"id":65788088}],"con":true,"img":false}]}
{"op":"mcm","clk":"11450410360","pt":1717321727216,"mc":[{"id":"1.229554919","rc":[{"atl":[[3.75,5.45]],"id":65788088}],"con":true,"img":false}]}
{"op":"mcm","clk":"11450410371","pt":1717321727327,"mc":[{"id":"1.229554919","rc":[{"atl":[[3.85,17.02],[3.8,0]],"id":65788088}],"con":true,"img":false}]}
{"op":"mcm","clk":"11450410383","pt":1717321727383,"mc":[{"id":"1.229554919","rc":[{"atl":[[3.95,6.78]],"id":65788088}],"con":true,"img":false}]}
{"op":"mcm","clk":"11450410391","pt":1717321727483,"mc":[{"id":"1.229554919","rc":[{"atl":[[3.95,16.78]],"id":65788088}],"con":true,"img":false}]}
{"op":"mcm","clk":"11450410399","pt":1717321727583,"mc":[{"id":"1.229554919","rc":[{"atl":[[3.85,7.02]],"id":65788088}],"con":true,"img":false}]}
{"op":"mcm","clk":"11450410726","pt":1717321731523,"mc":[{"id":"1.229554919","rc":[{"atl":[[3.8,5.36],[3.75,0]],"id":65788088}],"con":true,"img":false}]}
{"op":"mcm","clk":"11450410801","pt":1717321732418,"mc":[{"id":"1.229554919","rc":[{"atl":[[3.8,0],[3.75,5.45]],"id":65788088}],"con":true,"img":false}]}
{"op":"mcm","clk":"11450410891","pt":1717321733519,"mc":[{"id":"1.229554919","rc":[{"atl":[[3.8,5.36],[3.75,0]],"id":65788088}],"con":true,"img":false}]}
{"op":"mcm","clk":"11450410898","pt":1717321733621,"mc":[{"id":"1.229554919","rc":[{"atl":[[3.85,17.02],[3.95,6.78]],"id":65788088}],"con":true,"img":false}]}
{"op":"mcm","clk":"11450410905","pt":1717321733726,"mc":[{"id":"1.229554919","rc":[{"atl":[[3.95,16.78]],"id":65788088}],"con":true,"img":false}]}
{"op":"mcm","clk":"11450410914","pt":1717321733830,"mc":[{"id":"1.229554919","rc":[{"atl":[[3.85,7.02]],"id":65788088}],"con":true,"img":false}]}
{"op":"mcm","clk":"11450410926","pt":1717321733934,"mc":[{"id":"1.229554919","rc":[{"atl":[[3.8,0],[3.75,5.45]],"id":65788088}],"con":true,"img":false}]}
{"op":"mcm","clk":"11450410936","pt":1717321733993,"mc":[{"id":"1.229554919","rc":[{"atl":[[3.85,17.02],[3.95,6.78]],"id":65788088}],"con":true,"img":false}]}
{"op":"mcm","clk":"11450411133","pt":1717321736291,"mc":[{"id":"1.229554919","rc":[{"atl":[[3.8,5.36]],"id":65788088}],"con":true,"img":false}]}
{"op":"mcm","clk":"11450411141","pt":1717321736391,"mc":[{"id":"1.229554919","rc":[{"atl":[[3.75,0]],"id":65788088}],"con":true,"img":false}]}
{"op":"mcm","clk":"11450411189","pt":1717321737112,"mc":[{"id":"1.229554919","rc":[{"atl":[[3.8,0],[3.75,5.45]],"id":65788088}],"con":true,"img":false}]}
{"op":"mcm","clk":"11450411363","pt":1717321739098,"mc":[{"id":"1.229554919","rc":[{"atl":[[3.85,7.02],[3.95,16.78]],"id":65788088}],"con":true,"img":false}]}
{"op":"mcm","clk":"11450412714","pt":1717321753638,"mc":[{"id":"1.229554919","rc":[{"atb":[[1.32,10],[1.31,0]],"id":46292327},{"atl":[[3.95,6.78],[3.9,10]],"id":65788088}],"con":true,"img":false}]}
{"op":"mcm","clk":"11450412740","pt":1717321753948,"mc":[{"id":"1.229554919","rc":[{"atl":[[3.8,10],[3.9,0]],"id":65788088}],"con":true,"img":false}]}
{"op":"mcm","clk":"11450412830","pt":1717321755034,"mc":[{"id":"1.229554919","rc":[{"atb":[[1.32,0],[1.31,10]],"id":46292327}],"con":true,"img":false}]}
{"op":"mcm","clk":"11450412885","pt":1717321755656,"mc":[{"id":"1.229554919","rc":[{"atb":[[1.32,10],[1.31,0]],"id":46292327}],"con":true,"img":false}]}
{"op":"mcm","clk":"11450413305","pt":1717321760959,"mc":[{"id":"1.229554919","rc":[{"atl":[[3.85,17.02],[3.8,0]],"id":65788088}],"con":true,"img":false}]}
{"op":"mcm","clk":"11450413338","pt":1717321761333,"mc":[{"id":"1.229554919","rc":[{"atb":[[1.32,0],[1.31,10]],"id":46292327},{"atl":[[3.85,7.02],[3.95,16.78],[3.8,5.36],[3.75,0]],"id":65788088}],"con":true,"img":false}]}
{"op":"mcm","clk":"11450413367","pt":1717321761645,"mc":[{"id":"1.229554919","rc":[{"atl":[[3.8,0],[3.75,5.45]],"id":65788088}],"con":true,"img":false}]}
{"op":"mcm","clk":"11450413781","pt":1717321766419,"mc":[{"id":"1.229554919","rc":[{"atl":[[3.85,17.02]],"id":65788088}],"con":true,"img":false}]}
{"op":"mcm","clk":"11450413792","pt":1717321766529,"mc":[{"id":"1.229554919","rc":[{"atl":[[3.95,6.78]],"id":65788088}],"con":true,"img":false}]}
{"op":"mcm","clk":"11450413804","pt":1717321766624,"mc":[{"id":"1.229554919","rc":[{"atl":[[3.95,16.78]],"id":65788088}],"con":true,"img":false}]}
{"op":"mcm","clk":"11450413813","pt":1717321766726,"mc":[{"id":"1.229554919","rc":[{"atl":[[3.85,7.02]],"id":65788088}],"con":true,"img":false}]}
{"op":"mcm","clk":"11450414836","pt":1717321778450,"mc":[{"id":"1.229554919","rc":[{"atl":[[3.8,5.36],[3.75,0]],"id":65788088}],"con":true,"img":false}]}
{"op":"mcm","clk":"11450414847","pt":1717321778553,"mc":[{"id":"1.229554919","rc":[{"atl":[[3.85,17.02],[3.95,6.78]],"id":65788088}],"con":true,"img":false}]}
{"op":"mcm","clk":"11450414858","pt":1717321778660,"mc":[{"id":"1.229554919","rc":[{"atl":[[3.85,7.02],[3.95,16.78]],"id":65788088}],"con":true,"img":false}]}
{"op":"mcm","clk":"11450414883","pt":1717321778972,"mc":[{"id":"1.229554919","rc":[{"atl":[[3.75,5.45]],"id":65788088}],"con":true,"img":false}]}
{"op":"mcm","clk":"11450414891","pt":1717321779075,"mc":[{"id":"1.229554919","rc":[{"atl":[[3.7,10],[3.8,0]],"id":65788088}],"con":true,"img":false}]}
{"op":"mcm","clk":"11450414902","pt":1717321779178,"mc":[{"id":"1.229554919","rc":[{"atl":[[3.95,6.78],[3.8,10]],"id":65788088}],"con":true,"img":false}]}
{"op":"mcm","clk":"11450414914","pt":1717321779282,"mc":[{"id":"1.229554919","rc":[{"atl":[[3.7,0]],"id":65788088}],"con":true,"img":false}]}
{"op":"mcm","clk":"11450415262","pt":1717321782773,"mc":[{"id":"1.229554919","rc":[{"atb":[[1.21,0],[1.11,0],[1.33,10],[1.31,0]],"id":46292327},{"atb":[[3.45,0],[2.98,0]],"id":65788088},{"atl":[[3.8,0],[3.75,15.45]],"id":65788088}],"con":true,"img":false}]}
{"op":"mcm","clk":"11450415337","pt":1717321783557,"mc":[{"id":"1.229554919","rc":[{"atl":[[3.8,10],[3.75,5.45]],"id":65788088}],"con":true,"img":false}]}
{"op":"mcm","clk":"11450415450","pt":1717321784751,"mc":[{"id":"1.229554919","rc":[{"atl":[[3.7,10],[3.8,0]],"id":65788088}],"con":true,"img":false}]}
{"op":"mcm","clk":"11450415781","pt":1717321788984,"mc":[{"id":"1.229554919","rc":[{"atb":[[1.33,0],[1.34,10]],"id":46292327},{"atb":[[1.34,73.53]],"id":65788088},{"atl":[[3.65,10]],"id":65788088}],"con":true,"img":false}]}
{"op":"mcm","clk":"11450415790","pt":1717321789087,"mc":[{"id":"1.229554919","rc":[{"atl":[[3.7,0]],"id":65788088}],"con":true,"img":false}]}
{"op":"mcm","clk":"11450415931","pt":1717321790744,"mc":[{"id":"1.229554919","rc":[{"atb":[[1.3,0]],"id":65788088}],"con":true,"img":false}]}
{"op":"mcm","clk":"11450415986","pt":1717321791483,"mc":[{"id":"1.229554919","rc":[{"atb":[[1.21,37.37],[1.11,71.34]],"id":46292327},{"atb":[[3.45,3.2],[2.98,3.96]],"id":65788088}],"con":true,"img":false}]}
{"op":"mcm","clk":"11450416222","pt":1717321794079,"mc":[{"id":"1.229554919","rc":[{"atb":[[1.32,10],[1.34,0]],"id":46292327},{"atl":[[3.85,17.02],[3.65,0]],"id":65788088}],"con":true,"img":false}]}
{"op":"mcm","clk":"11450416447","pt":1717321796470,"mc":[{"id":"1.229554919","rc":[{"atb":[[1.32,0],[1.31,10]],"id":46292327},{"atl":[[3.8,5.36],[3.75,0]],"id":65788088}],"con":true,"img":false}]}
{"op":"mcm","clk":"11450416456","pt":1717321796576,"mc":[{"id":"1.229554919","rc":[{"atl":[[3.85,7.02],[3.75,10]],"id":65788088}],"con":true,"img":false}]}
{"op":"mcm","clk":"11450416462","pt":1717321796675,"mc":[{"id":"1.229554919","rc":[{"atl":[[3.85,17.02]],"id":65788088}],"con":true,"img":false}]}
{"op":"mcm","clk":"11450416468","pt":1717321796780,"mc":[{"id":"1.229554919","rc":[{"atl":[[3.75,0]],"id":65788088}],"con":true,"img":false}]}
{"op":"mcm","clk":"11450416478","pt":1717321796889,"mc":[{"id":"1.229554919","rc":[{"atl":[[3.95,16.78]],"id":65788088}],"con":true,"img":false}]}
{"op":"mcm","clk":"11450416488","pt":1717321796991,"mc":[{"id":"1.229554919","rc":[{"atl":[[3.85,7.02]],"id":65788088}],"con":true,"img":false}]}
{"op":"mcm","clk":"11450416517","pt":1717321797255,"mc":[{"id":"1.229554919","rc":[{"atb":[[1.32,10],[1.31,0]],"id":46292327},{"atl":[[3.75,5.45]],"id":65788088}],"con":true,"img":false}]}
{"op":"mcm","clk":"11450416525","pt":1717321797402,"mc":[{"id":"1.229554919","rc":[{"atl":[[3.8,0]],"id":65788088}],"con":true,"img":false}]}
{"op":"mcm","clk":"11450416605","pt":1717321798596,"mc":[{"id":"1.229554919","rc":[{"atb":[[1.32,0],[1.31,10]],"id":46292327}],"con":true,"img":false}]}
{"op":"mcm","clk":"11450416920","pt":1717321801988,"mc":[{"id":"1.229554919","rc":[{"atl":[[3.85,17.02],[3.95,6.78]],"id":65788088}],"con":true,"img":false}]}
{"op":"mcm","clk":"11450417092","pt":1717321803712,"mc":[{"id":"1.229554919","rc":[{"atb":[[1.33,10]],"id":46292327}],"con":true,"img":false}]}
{"op":"mcm","clk":"11450417102","pt":1717321803770,"mc":[{"id":"1.229554919","rc":[{"atb":[[1.31,0]],"id":46292327}],"con":true,"img":false}]}
{"op":"mcm","clk":"11450417115","pt":1717321803874,"mc":[{"id":"1.229554919","rc":[{"atb":[[1.33,0],[1.31,10]],"id":46292327}],"con":true,"img":false}]}
{"op":"mcm","clk":"11450417422","pt":1717321807102,"mc":[{"id":"1.229554919","rc":[{"atl":[[3.85,7.02],[3.95,16.78]],"id":65788088}],"con":true,"img":false}]}
{"op":"mcm","clk":"11450417473","pt":1717321807617,"mc":[{"id":"1.229554919","rc":[{"atb":[[1.31,0]],"id":46292327},{"atl":[[3.45,0]],"id":46292327},{"atb":[[1.39,0]],"id":65788088},{"atl":[[3.95,6.78]],"id":65788088}],"con":true,"img":false}]}
{"op":"mcm","clk":"11450420278","pt":1717321838680,"mc":[{"id":"1.229554919","rc":[{"atb":[[1.2,0],[1.23,65.22]],"id":46292327}],"con":true,"img":false}]}
{"op":"mcm","clk":"11450420297","pt":1717321838885,"mc":[{"id":"1.229554919","rc":[{"atb":[[1.2,75]],"id":46292327}],"con":true,"img":false}]}
{"op":"mcm","clk":"11450420306","pt":1717321839017,"mc":[{"id":"1.229554919","rc":[{"atb":[[1.23,0]],"id":46292327}],"con":true,"img":false}]}
{"op":"mcm","clk":"11450420359","pt":1717321839483,"mc":[{"id":"1.229554919","rc":[{"atb":[[1.2,0],[1.23,65.22]],"id":46292327}],"con":true,"img":false}]}
{"op":"mcm","clk":"11450420471","pt":1717321840893,"mc":[{"id":"1.229554919","rc":[{"atb":[[1.2,75],[1.23,0]],"id":46292327}],"con":true,"img":false}]}
{"op":"mcm","clk":"11450420559","pt":1717321841815,"mc":[{"id":"1.229554919","rc":[{"atb":[[1.2,0],[1.23,65.22]],"id":46292327}],"con":true,"img":false}]}
{"op":"mcm","clk":"11450420594","pt":1717321842187,"mc":[{"id":"1.229554919","rc":[{"atb":[[1.2,75],[1.23,0]],"id":46292327}],"con":true,"img":false}]}
{"op":"mcm","clk":"11450420612","pt":1717321842397,"mc":[{"id":"1.229554919","rc":[{"atb":[[1.2,0],[1.23,65.22]],"id":46292327}],"con":true,"img":false}]}
{"op":"mcm","clk":"11450420630","pt":1717321842598,"mc":[{"id":"1.229554919","rc":[{"atb":[[1.2,75],[1.23,0]],"id":46292327}],"con":true,"img":false}]}
{"op":"mcm","clk":"11450420766","pt":1717321844103,"mc":[{"id":"1.229554919","rc":[{"atb":[[1.31,10]],"id":46292327},{"atl":[[3.45,10]],"id":46292327},{"atb":[[1.39,10]],"id":65788088},{"atl":[[3.9,10]],"id":65788088}],"con":true,"img":false}]}
{"op":"mcm","clk":"11450425608","pt":1717321902971,"mc":[{"id":"1.229554919","rc":[{"atb":[[1.32,10]],"id":46292327},{"atl":[[3.85,17.02]],"id":65788088}],"con":true,"img":false}]}
{"op":"mcm","clk":"11450425618","pt":1717321903079,"mc":[{"id":"1.229554919","rc":[{"atb":[[1.31,0]],"id":46292327},{"atl":[[3.9,0]],"id":65788088}],"con":true,"img":false}]}
{"op":"mcm","clk":"11450425641","pt":1717321903286,"mc":[{"id":"1.229554919","rc":[{"atb":[[1.21,0],[1.11,0]],"id":46292327},{"atb":[[3.45,0],[2.98,0]],"id":65788088}],"con":true,"img":false}]}
{"op":"mcm","clk":"11450426490","pt":1717321913706,"mc":[{"id":"1.229554919","rc":[{"atb":[[1.21,37.37],[1.11,71.34]],"id":46292327},{"atb":[[3.45,3.2],[2.98,3.96]],"id":65788088}],"con":true,"img":false}]}
{"op":"mcm","clk":"11450427604","pt":1717321925083,"mc":[{"id":"1.229554919","rc":[{"atb":[[1.32,0],[1.31,10]],"id":46292327},{"atl":[[3.85,7.02],[3.9,10]],"id":65788088}],"con":true,"img":false}]}
{"op":"mcm","clk":"11450428246","pt":1717321931579,"mc":[{"id":"1.229554919","rc":[{"atl":[[3.8,10]],"id":65788088}],"con":true,"img":false}]}
{"op":"mcm","clk":"11450428259","pt":1717321931683,"mc":[{"id":"1.229554919","rc":[{"atb":[[1.32,10],[1.31,0]],"id":46292327},{"atl":[[3.9,0]],"id":65788088}],"con":true,"img":false}]}
{"op":"mcm","clk":"11450428822","pt":1717321936696,"mc":[{"id":"1.229554919","rc":[{"atl":[[3.85,17.02]],"id":65788088}],"con":true,"img":false}]}
{"op":"mcm","clk":"11450428834","pt":1717321936797,"mc":[{"id":"1.229554919","rc":[{"atb":[[1.32,0],[1.31,10]],"id":46292327},{"atl":[[3.8,0]],"id":65788088}],"con":true,"img":false}]}
{"op":"mcm","clk":"11450429150","pt":1717321939988,"mc":[{"id":"1.229554919","rc":[{"atb":[[1.32,10]],"id":46292327}],"con":true,"img":false}]}
{"op":"mcm","clk":"11450429160","pt":1717321940093,"mc":[{"id":"1.229554919","rc":[{"atb":[[1.32,0],[1.3,10],[1.31,0]],"id":46292327},{"atl":[[3.85,22.28]],"id":65788088}],"con":true,"img":false}]}
{"op":"mcm","clk":"11450429168","pt":1717321940192,"mc":[{"id":"1.229554919","rc":[{"atl":[[3.85,5.26],[3.95,16.78],[3.75,0]],"id":65788088}],"con":true,"img":false}]}
{"op":"mcm","clk":"11450429256","pt":1717321940977,"mc":[{"id":"1.229554919","rc":[{"atb":[[1.3,0],[1.32,10]],"id":46292327},{"atl":[[3.75,5.45]],"id":65788088}],"con":true,"img":false}]}
{"op":"mcm","clk":"11450429652","pt":1717321945282,"mc":[{"id":"1.229554919","rc":[{"atl":[[3.85,15.26],[3.95,6.78]],"id":65788088}],"con":true,"img":false}]}
{"op":"mcm","clk":"11450430442","pt":1717321954507,"mc":[{"id":"1.229554919","rc":[{"atb":[[1.32,0]],"id":46292327},{"atl":[[3.45,0]],"id":46292327},{"atb":[[1.39,0]],"id":65788088},{"atl":[[3.85,5.26]],"id":65788088}],"con":true,"img":false}]}
{"op":"mcm","clk":"11450434565","pt":1717322004719,"mc":[{"id":"1.229554919","rc":[{"atb":[[1.2,0],[1.19,78.95]],"id":46292327}],"con":true,"img":false}]}
{"op":"mcm","clk":"11450434649","pt":1717322005599,"mc":[{"id":"1.229554919","rc":[{"atb":[[1.19,0],[1.23,65.22]],"id":46292327}],"con":true,"img":false}]}
{"op":"mcm","clk":"11450434668","pt":1717322005805,"mc":[{"id":"1.229554919","rc":[{"atl":[[3.9,5.17],[3.75,0]],"id":65788088}],"con":true,"img":false}]}
{"op":"mcm","clk":"11450434864","pt":1717322008400,"mc":[{"id":"1.229554919","rc":[{"atl":[[3.85,0]],"id":65788088}],"con":true,"img":false}]}
{"op":"mcm","clk":"11450434934","pt":1717322009497,"mc":[{"id":"1.229554919","rc":[{"atb":[[1.19,78.95],[1.23,0]],"id":46292327}],"con":true,"img":false}]}
{"op":"mcm","clk":"11450435032","pt":1717322010894,"mc":[{"id":"1.229554919","rc":[{"atb":[[1.19,0],[1.23,65.22]],"id":46292327}],"con":true,"img":false}]}
{"op":"mcm","clk":"11450435383","pt":1717322014942,"mc":[{"id":"1.229554919","rc":[{"atb":[[1.19,78.95],[1.23,0]],"id":46292327}],"con":true,"img":false}]}
{"op":"mcm","clk":"11450435522","pt":1717322016400,"mc":[{"id":"1.229554919","rc":[{"atb":[[1.19,0],[1.23,65.22]],"id":46292327},{"atl":[[4,6.67]],"id":65788088}],"con":true,"img":false}]}
{"op":"mcm","clk":"11450435725","pt":1717322019403,"mc":[{"id":"1.229554919","rc":[{"atb":[[1.19,78.95],[1.23,0]],"id":46292327}],"con":true,"img":false}]}
{"op":"mcm","clk":"11450435757","pt":1717322019818,"mc":[{"id":"1.229554919","rc":[{"atb":[[1.19,0],[1.23,65.22]],"id":46292327}],"con":true,"img":false}]}
{"op":"mcm","clk":"11450435784","pt":1717322020242,"mc":[{"id":"1.229554919","rc":[{"atb":[[1.19,78.95],[1.23,0]],"id":46292327}],"con":true,"img":false}]}
{"op":"mcm","clk":"11450435827","pt":1717322020751,"mc":[{"id":"1.229554919","rc":[{"atb":[[1.19,0],[1.23,65.22]],"id":46292327}],"con":true,"img":false}]}
{"op":"mcm","clk":"11450435847","pt":1717322020910,"mc":[{"id":"1.229554919","rc":[{"atb":[[1.19,78.95],[1.23,0]],"id":46292327}],"con":true,"img":false}]}
{"op":"mcm","clk":"11450435912","pt":1717322021554,"mc":[{"id":"1.229554919","rc":[{"atb":[[1.19,0],[1.23,65.22]],"id":46292327}],"con":true,"img":false}]}
{"op":"mcm","clk":"11450435934","pt":1717322021708,"mc":[{"id":"1.229554919","rc":[{"atb":[[1.19,78.95],[1.23,0]],"id":46292327}],"con":true,"img":false}]}
{"op":"mcm","clk":"11450436068","pt":1717322023254,"mc":[{"id":"1.229554919","rc":[{"atb":[[1.19,0],[1.23,65.22]],"id":46292327}],"con":true,"img":false}]}
{"op":"mcm","clk":"11450436084","pt":1717322023448,"mc":[{"id":"1.229554919","rc":[{"atb":[[1.19,78.95],[1.23,0]],"id":46292327}],"con":true,"img":false}]}
{"op":"mcm","clk":"11450436865","pt":1717322032258,"mc":[{"id":"1.229554919","rc":[{"atb":[[1.21,0],[1.11,0]],"id":46292327},{"atb":[[3.45,0],[2.98,0]],"id":65788088}],"con":true,"img":false}]}
{"op":"mcm","clk":"11450437420","pt":1717322038148,"mc":[{"id":"1.229554919","rc":[{"atl":[[3.95,5.08],[3.9,0]],"id":65788088}],"con":true,"img":false}]}
{"op":"mcm","clk":"11450437654","pt":1717322040961,"mc":[{"id":"1.229554919","rc":[{"atb":[[1.21,37.37],[1.11,71.34]],"id":46292327},{"atb":[[3.45,3.2],[2.98,3.96]],"id":65788088}],"con":true,"img":false}]}
{"op":"mcm","clk":"11450438323","pt":1717322048136,"mc":[{"id":"1.229554919","rc":[{"atl":[[4.1,6.45]],"id":65788088}],"con":true,"img":false}]}
{"op":"mcm","clk":"11450439185","pt":1717322058086,"mc":[{"id":"1.229554919","rc":[{"atl":[[4.3,7.58]],"id":65788088}],"con":true,"img":false}]}
{"op":"mcm","clk":"11450439771","pt":1717322064186,"mc":[{"id":"1.229554919","rc":[{"atl":[[3.85,5.26],[3.95,0]],"id":65788088}],"con":true,"img":false}]}
{"op":"mcm","clk":"11450439865","pt":1717322065078,"mc":[{"id":"1.229554919","rc":[{"atl":[[3.85,0],[3.9,5.17]],"id":65788088}],"con":true,"img":false}]}
{"op":"mcm","clk":"11450440433","pt":1717322070585,"mc":[{"id":"1.229554919","rc":[{"atl":[[4.1,4.84],[3.9,0]],"id":65788088}],"con":true,"img":false}]}
{"op":"mcm","clk":"11450440496","pt":1717322071206,"mc":[{"id":"1.229554919","rc":[{"atl":[[4,0]],"id":65788088}],"con":true,"img":false}]}
{"op":"mcm","clk":"11450440651","pt":1717322072505,"mc":[{"id":"1.229554919","rc":[{"atl":[[3.9,5.17]],"id":65788088}],"con":true,"img":false}]}
{"op":"mcm","clk":"11450440688","pt":1717322072769,"mc":[{"id":"1.229554919","rc":[{"atl":[[3.9,0]],"id":65788088}],"con":true,"img":false}]}
{"op":"mcm","clk":"11450440844","pt":1717322074171,"mc":[{"id":"1.229554919","rc":[{"atl":[[4,5]],"id":65788088}],"con":true,"img":false}]}
{"op":"mcm","clk":"11450440901","pt":1717322074793,"mc":[{"id":"1.229554919","rc":[{"atb":[[1.19,0],[1.23,65.22]],"id":46292327}],"con":true,"img":false}]}
{"op":"mcm","clk":"11450440936","pt":1717322075203,"mc":[{"id":"1.229554919","rc":[{"atb":[[1.19,78.95],[1.23,0]],"id":46292327}],"con":true,"img":false}]}
{"op":"mcm","clk":"11450441040","pt":1717322075978,"mc":[{"id":"1.229554919","rc":[{"atl":[[3.95,5.08]],"id":65788088}],"con":true,"img":false}]}
{"op":"mcm","clk":"11450441119","pt":1717322076813,"mc":[{"id":"1.229554919","rc":[{"atb":[[1.19,0],[1.23,65.22]],"id":46292327}],"con":true,"img":false}]}
{"op":"mcm","clk":"11450441147","pt":1717322077022,"mc":[{"id":"1.229554919","rc":[{"atb":[[1.19,78.95]],"id":46292327}],"con":true,"img":false}]}
{"op":"mcm","clk":"11450441160","pt":1717322077078,"mc":[{"id":"1.229554919","rc":[{"atb":[[1.23,0]],"id":46292327}],"con":true,"img":false}]}
{"op":"mcm","clk":"11450441283","pt":1717322078162,"mc":[{"id":"1.229554919","rc":[{"atl":[[3.95,0]],"id":65788088}],"con":true,"img":false}]}
{"op":"mcm","clk":"11450441308","pt":1717322078478,"mc":[{"id":"1.229554919","rc":[{"atl":[[4,0]],"id":65788088}],"con":true,"img":false}]}
{"op":"mcm","clk":"11450441465","pt":1717322080034,"mc":[{"id":"1.229554919","rc":[{"atl":[[4,5]],"id":65788088}],"con":true,"img":false}]}
{"op":"mcm","clk":"11450441634","pt":1717322082001,"mc":[{"id":"1.229554919","rc":[{"atl":[[3.85,5.26]],"id":65788088}],"con":true,"img":false}]}
{"op":"mcm","clk":"11450441681","pt":1717322082466,"mc":[{"id":"1.229554919","rc":[{"atl":[[3.9,5.17]],"id":65788088}],"con":true,"img":false}]}
{"op":"mcm","clk":"11450441693","pt":1717322082618,"mc":[{"id":"1.229554919","rc":[{"atl":[[3.85,0]],"id":65788088}],"con":true,"img":false}]}
{"op":"mcm","clk":"11450443284","pt":1717322103227,"mc":[{"id":"1.229554919","rc":[{"atb":[[1.2,75],[1.19,0]],"id":46292327}],"con":true,"img":false}]}
{"op":"mcm","clk":"11450444501","pt":1717322117523,"mc":[{"id":"1.229554919","rc":[{"atb":[[1.2,0],[1.24,62.5]],"id":46292327}],"con":true,"img":false}]}
{"op":"mcm","clk":"11450444678","pt":1717322119445,"mc":[{"id":"1.229554919","rc":[{"atb":[[1.2,75],[1.24,0]],"id":46292327}],"con":true,"img":false}]}
{"op":"mcm","clk":"11450444995","pt":1717322122938,"mc":[{"id":"1.229554919","rc":[{"atb":[[1.2,0],[1.24,62.5]],"id":46292327}],"con":true,"img":false}]}
{"op":"mcm","clk":"11450445048","pt":1717322123555,"mc":[{"id":"1.229554919","rc":[{"atb":[[1.2,75],[1.24,0]],"id":46292327}],"con":true,"img":false}]}
{"op":"mcm","clk":"11450446524","pt":1717322141154,"mc":[{"id":"1.229554919","rc":[{"atb":[[1.29,10]],"id":46292327},{"atl":[[3.35,10],[2.18,12.71]],"id":46292327},{"atb":[[1.31,10]],"id":65788088},{"atl":[[4,15]],"id":65788088}],"con":true,"img":false}]}
{"op":"mcm","clk":"11450446532","pt":1717322141309,"mc":[{"id":"1.229554919","rc":[{"atb":[[1.22,75]],"id":46292327},{"atl":[[5.1,0],[3.9,0],[4.2,19.65]],"id":46292327},{"atb":[[1.37,62.5]],"id":65788088},{"atl":[[4,15.34],[4.1,14.84],[7.6,0]],"id":65788088}],"con":true,"img":false}]}
{"op":"mcm","clk":"11450446539","pt":1717322141361,"mc":[{"id":"1.229554919","rc":[{"atl":[[3.35,0],[2.08,10]],"id":46292327},{"atb":[[1.9,10],[1.31,0]],"id":65788088}],"con":true,"img":false}]}
{"op":"mcm","clk":"11450446550","pt":1717322141470,"mc":[{"id":"1.229554919","rc":[{"atl":[[4,0],[3.35,25.42],[4.4,0],[4.2,0],[2.1,10],[2.08,0]],"id":46292327},{"atl":[[4,5],[4.1,35.35]],"id":65788088}],"con":true,"img":false}]}
{"op":"mcm","clk":"11450446557","pt":1717322141569,"mc":[{"id":"1.229554919","rc":[{"atl":[[4,22.71]],"id":46292327}],"con":true,"img":false}]}
{"op":"mcm","clk":"11450446564","pt":1717322141673,"mc":[{"id":"1.229554919","rc":[{"atl":[[3.35,0]],"id":46292327}],"con":true,"img":false}]}
{"op":"mcm","clk":"11450446578","pt":1717322141880,"mc":[{"id":"1.229554919","rc":[{"atl":[[4,0],[3.35,22.71]],"id":46292327}],"con":true,"img":false}]}
{"op":"mcm","clk":"11450446720","pt":1717322143544,"mc":[{"id":"1.229554919","rc":[{"atb":[[1.3,10]],"id":46292327},{"atl":[[3.85,5.26]],"id":65788088}],"con":true,"img":false}]}
{"op":"mcm","clk":"11450446727","pt":1717322143646,"mc":[{"id":"1.229554919","rc":[{"atb":[[1.29,0]],"id":46292327},{"atl":[[3.9,0]],"id":65788088}],"con":true,"img":false}]}
{"op":"mcm","clk":"11450446733","pt":1717322143751,"mc":[{"id":"1.229554919","rc":[{"atl":[[4,0],[4.3,0]],"id":65788088}],"con":true,"img":false}]}
{"op":"mcm","clk":"11450446738","pt":1717322143853,"mc":[{"id":"1.229554919","rc":[{"atl":[[8,14.29],[4.1,14.84]],"id":65788088}],"con":true,"img":false}]}
{"op":"mcm","clk":"11450447205","pt":1717322149484,"mc":[{"id":"1.229554919","rc":[{"atl":[[2.22,16.39]],"id":46292327}],"con":true,"img":false}]}
{"op":"mcm","clk":"11450447211","pt":1717322149555,"mc":[{"id":"1.229554919","rc":[{"atl":[[2.74,25.42]],"id":46292327}],"con":true,"img":false}]}
{"op":"mcm","clk":"11450447216","pt":1717322149659,"mc":[{"id":"1.229554919","rc":[{"atl":[[3.35,0]],"id":46292327}],"con":true,"img":false}]}
{"op":"mcm","clk":"11450447383","pt":1717322151900,"mc":[{"id":"1.229554919","rc":[{"atl":[[3.95,6.78]],"id":65788088}],"con":true,"img":false}]}
{"op":"mcm","clk":"11450447394","pt":1717322152002,"mc":[{"id":"1.229554919","rc":[{"atl":[[8,0],[4.1,29.13]],"id":65788088}],"con":true,"img":false}]}
{"op":"mcm","clk":"11450447580","pt":1717322154185,"mc":[{"id":"1.229554919","rc":[{"atb":[[1.2,0],[1.21,108.8]],"id":46292327}],"con":true,"img":false}]}
{"op":"mcm","clk":"11450447599","pt":1717322154448,"mc":[{"id":"1.229554919","rc":[{"atl":[[4,10],[4.1,19.13],[3.8,5.36]],"id":65788088}],"con":true,"img":false}]}
{"op":"mcm","clk":"11450447610","pt":1717322154554,"mc":[{"id":"1.229554919","rc":[{"atb":[[1.3,0],[1.31,10]],"id":46292327},{"atl":[[4,0],[3.95,16.78],[3.75,5.45]],"id":65788088}],"con":true,"img":false}]}
{"op":"mcm","clk":"11450447619","pt":1717322154655,"mc":[{"id":"1.229554919","rc":[{"atl":[[3.85,15.26],[3.95,6.78]],"id":65788088}],"con":true,"img":false}]}
{"op":"mcm","clk":"11450447638","pt":1717322154861,"mc":[{"id":"1.229554919","rc":[{"atl":[[4.1,14.29],[3.8,0]],"id":65788088}],"con":true,"img":false}]}
{"op":"mcm","clk":"11450447654","pt":1717322155083,"mc":[{"id":"1.229554919","rc":[{"atl":[[3.85,5.26],[3.95,16.78]],"id":65788088}],"con":true,"img":false}]}
{"op":"mcm","clk":"11450447672","pt":1717322155281,"mc":[{"id":"1.229554919","rc":[{"atb":[[1.2,75],[1.21,37.37]],"id":46292327}],"con":true,"img":false}]}
{"op":"mcm","clk":"11450447680","pt":1717322155412,"mc":[{"id":"1.229554919","rc":[{"atb":[[1.3,10]],"id":46292327}],"con":true,"img":false}]}
{"op":"mcm","clk":"11450447686","pt":1717322155437,"mc":[{"id":"1.229554919","rc":[{"atb":[[1.31,0]],"id":46292327},{"atl":[[3.75,0]],"id":65788088}],"con":true,"img":false}]}
{"op":"mcm","clk":"11450447734","pt":1717322156164,"mc":[{"id":"1.229554919","rc":[{"atl":[[3.8,5.36]],"id":65788088}],"con":true,"img":false}]}
{"op":"mcm","clk":"11450447740","pt":1717322156265,"mc":[{"id":"1.229554919","rc":[{"atb":[[1.31,10]],"id":46292327},{"atl":[[3.75,5.45]],"id":65788088}],"con":true,"img":false}]}
{"op":"mcm","clk":"11450447753","pt":1717322156370,"mc":[{"id":"1.229554919","rc":[{"atb":[[1.3,0]],"id":46292327}],"con":true,"img":false}]}
{"op":"mcm","clk":"11450447835","pt":1717322157357,"mc":[{"id":"1.229554919","rc":[{"atl":[[3.85,19.55]],"id":65788088}],"con":true,"img":false}]}
{"op":"mcm","clk":"11450447840","pt":1717322157459,"mc":[{"id":"1.229554919","rc":[{"atl":[[4.1,0]],"id":65788088}],"con":true,"img":false}]}
{"op":"mcm","clk":"11450447859","pt":1717322157677,"mc":[{"id":"1.229554919","rc":[{"atb":[[1.2,0],[1.21,108.8]],"id":46292327}],"con":true,"img":false}]}
{"op":"mcm","clk":"11450448075","pt":1717322159976,"mc":[{"id":"1.229554919","rc":[{"atl":[[2.06,10],[2.12,13.39],[2.1,0]],"id":46292327}],"con":true,"img":false}]}
{"op":"mcm","clk":"11450448093","pt":1717322160182,"mc":[{"id":"1.229554919","rc":[{"atl":[[3.85,29.55],[3.95,6.78],[3.75,0]],"id":65788088}],"con":true,"img":false}]}
{"op":"mcm","clk":"11450448501","pt":1717322164352,"mc":[{"id":"1.229554919","rc":[{"atl":[[3.9,6.9]],"id":65788088}],"con":true,"img":false}]}
{"op":"mcm","clk":"11450448520","pt":1717322164557,"mc":[{"id":"1.229554919","rc":[{"atl":[[3.85,15.26],[3.9,41.38]],"id":65788088}],"con":true,"img":false}]}
{"op":"mcm","clk":"11450448585","pt":1717322165287,"mc":[{"id":"1.229554919","rc":[{"atl":[[3.85,5.26],[3.9,51.38]],"id":65788088}],"con":true,"img":false}]}
{"op":"mcm","clk":"11450448821","pt":1717322168100,"mc":[{"id":"1.229554919","rc":[{"atb":[[1.21,71.43],[1.11,0]],"id":46292327},{"atb":[[3.45,0],[2.98,0]],"id":65788088}],"con":true,"img":false}]}
{"op":"mcm","clk":"11450448832","pt":1717322168201,"mc":[{"id":"1.229554919","rc":[{"atb":[[1.9,0],[1.91,10]],"id":65788088}],"con":true,"img":false}]}
{"op":"mcm","clk":"11450448841","pt":1717322168301,"mc":[{"id":"1.229554919","rc":[{"atl":[[2.92,26.78],[2.74,0]],"id":46292327},{"atb":[[1.75,20],[1.38,0]],"id":65788088}],"con":true,"img":false}]}
{"op":"mcm","clk":"11450449090","pt":1717322170967,"mc":[{"id":"1.229554919","rc":[{"atb":[[1.3,2],[1.31,0]],"id":46292327},{"atl":[[3.8,0]],"id":65788088}],"con":true,"img":false}]}
{"op":"mcm","clk":"11450449095","pt":1717322171070,"mc":[{"id":"1.229554919","rc":[{"atb":[[1.21,182.54],[1.22,0]],"id":46292327}],"con":true,"img":false}]}
{"op":"mcm","clk":"11450449104","pt":1717322171173,"mc":[{"id":"1.229554919","rc":[{"atl":[[4,5],[3.85,0],[3.95,50.68],[3.9,6.9]],"id":65788088}],"con":true,"img":false}]}
{"op":"mcm","clk":"11450449279","pt":1717322173191,"mc":[{"id":"1.229554919","rc":[{"atl":[[3.9,0]],"id":65788088}],"con":true,"img":false}]}
{"op":"mcm","clk":"11450449309","pt":1717322173499,"mc":[{"id":"1.229554919","rc":[{"atl":[[3.95,43.9]],"id":65788088}],"con":true,"img":false}]}
{"op":"mcm","clk":"11450449377","pt":1717322174080,"mc":[{"id":"1.229554919","rc":[{"atl":[[4,0],[4.1,4.84]],"id":65788088}],"con":true,"img":false}]}
{"op":"mcm","clk":"11450449419","pt":1717322174492,"mc":[{"id":"1.229554919","rc":[{"atb":[[1.2,75],[1.21,111.11]],"id":46292327},{"atb":[[1.78,19.23],[1.75,0]],"id":65788088}],"con":true,"img":false}]}
{"op":"mcm","clk":"11450449432","pt":1717322174595,"mc":[{"id":"1.229554919","rc":[{"atl":[[4.3,4.55]],"id":65788088}],"con":true,"img":false}]}
{"op":"mcm","clk":"11450449445","pt":1717322174699,"mc":[{"id":"1.229554919","rc":[{"atl":[[4.1,0]],"id":65788088}],"con":true,"img":false}]}
{"op":"mcm","clk":"11450449584","pt":1717322176098,"mc":[{"id":"1.229554919","rc":[{"atb":[[1.26,2],[1.3,0]],"id":46292327}],"con":true,"img":false}]}
{"op":"mcm","clk":"11450449592","pt":1717322176200,"mc":[{"id":"1.229554919","rc":[{"atb":[[1.2,188.11]],"id":46292327}],"con":true,"img":false}]}
{"op":"mcm","clk":"11450449605","pt":1717322176306,"mc":[{"id":"1.229554919","rc":[{"atb":[[1.21,0]],"id":46292327},{"atl":[[4.6,10],[3.95,0],[8.4,13.51]],"id":65788088}],"con":true,"img":false}]}
{"op":"mcm","clk":"11450449713","pt":1717322177503,"mc":[{"id":"1.229554919","rc":[{"atb":[[1.16,49.04],[1.06,130.79]],"id":46292327},{"atb":[[3.2,3.56],[3.7,2.9]],"id":65788088}],"con":true,"img":false}]}
{"op":"mcm","clk":"11450449744","pt":1717322177815,"mc":[{"id":"1.229554919","rc":[{"atl":[[2.66,26.1]],"id":46292327},{"atl":[[4.2,4.69]],"id":65788088}],"con":true,"img":false}]}
{"op":"mcm","clk":"11450449749","pt":1717322177873,"mc":[{"id":"1.229554919","rc":[{"atl":[[2.92,0]],"id":46292327}],"con":true,"img":false}]}
{"op":"mcm","clk":"11450449879","pt":1717322179479,"mc":[{"id":"1.229554919","rc":[{"atb":[[1.78,0]],"id":65788088}],"con":true,"img":false}]}
{"op":"mcm","clk":"11450449931","pt":1717322180098,"mc":[{"id":"1.229554919","rc":[{"atl":[[4.2,0]],"id":65788088}],"con":true,"img":false}]}
{"op":"mcm","clk":"11450450386","pt":1717322185595,"mc":[{"id":"1.229554919","rc":[{"atl":[[4.5,5.71]],"id":65788088}],"con":true,"img":false}]}
{"op":"mcm","clk":"11450450396","pt":1717322185707,"mc":[{"id":"1.229554919","rc":[{"atl":[[4.6,0],[4.4,20],[8.4,0]],"id":65788088}],"con":true,"img":false}]}
{"op":"mcm","clk":"11450450808","pt":1717322190796,"mc":[{"id":"1.229554919","rc":[{"atl":[[4.5,40.26],[4.4,0]],"id":65788088}],"con":true,"img":false}]}
{"op":"mcm","clk":"11450450989","pt":1717322193126,"mc":[{"id":"1.229554919","rc":[{"atl":[[4.7,6.76]],"id":65788088}],"con":true,"img":false}]}
{"op":"mcm","clk":"11450451264","pt":1717322195830,"mc":[{"id":"1.229554919","rc":[{"atl":[[4.5,15.71],[4.2,4.69],[4.7,33.79]],"id":65788088}],"con":true,"img":false}]}
{"op":"mcm","clk":"11450451273","pt":1717322195883,"mc":[{"id":"1.229554919","rc":[{"atl":[[4.5,24.81],[4.7,6.76]],"id":65788088}],"con":true,"img":false}]}
{"op":"mcm","clk":"11450451378","pt":1717322196922,"mc":[{"id":"1.229554919","rc":[{"atb":[[1.27,10],[1.26,0]],"id":46292327}],"con":true,"img":false}]}
{"op":"mcm","clk":"11450451386","pt":1717322197029,"mc":[{"id":"1.229554919","rc":[{"atb":[[1.2,75],[1.18,301.22]],"id":46292327}],"con":true,"img":false}]}
{"op":"mcm","clk":"11450451573","pt":1717322199004,"mc":[{"id":"1.229554919","rc":[{"atl":[[4.5,14.81],[4.1,4.84],[4.4,10],[4.2,0]],"id":65788088}],"con":true,"img":false}]}
{"op":"mcm","clk":"11450451583","pt":1717322199110,"mc":[{"id":"1.229554919","rc":[{"atl":[[4.3,13.93]],"id":65788088}],"con":true,"img":false}]}
{"op":"mcm","clk":"11450451587","pt":1717322199211,"mc":[{"id":"1.229554919","rc":[{"atl":[[4.5,5.71]],"id":65788088}],"con":true,"img":false}]}
{"op":"mcm","clk":"11450451842","pt":1717322201639,"mc":[{"id":"1.229554919","rc":[{"atl":[[2.1,13.64]],"id":46292327}],"con":true,"img":false}]}
{"op":"mcm","clk":"11450451848","pt":1717322201742,"mc":[{"id":"1.229554919","rc":[{"atl":[[4.1,0],[4.2,4.69]],"id":65788088}],"con":true,"img":false}]}
{"op":"mcm","clk":"11450452074","pt":1717322204296,"mc":[{"id":"1.229554919","rc":[{"atl":[[4.1,4.84]],"id":65788088}],"con":true,"img":false}]}
{"op":"mcm","clk":"11450452088","pt":1717322204451,"mc":[{"id":"1.229554919","rc":[{"atl":[[4,14.84],[4.3,4.54],[4.4,0],[4.2,0]],"id":65788088}],"con":true,"img":false}]}
{"op":"mcm","clk":"11450452092","pt":1717322204510,"mc":[{"id":"1.229554919","rc":[{"atl":[[4,0],[4.2,29.68]],"id":65788088}],"con":true,"img":false}]}
{"op":"mcm","clk":"11450452131","pt":1717322204923,"mc":[{"id":"1.229554919","rc":[{"atb":[[1.28,2],[1.27,0]],"id":46292327}],"con":true,"img":false}]}
{"op":"mcm","clk":"11450452141","pt":1717322205046,"mc":[{"id":"1.229554919","rc":[{"atb":[[1.2,192.65],[1.18,111.11]],"id":46292327}],"con":true,"img":false}]}
{"op":"mcm","clk":"11450452211","pt":1717322205725,"mc":[{"id":"1.229554919","rc":[{"atl":[[4,5],[4.1,0]],"id":65788088}],"con":true,"img":false}]}
{"op":"mcm","clk":"11450452349","pt":1717322207029,"mc":[{"id":"1.229554919","rc":[{"atl":[[4,0],[4.1,4.84]],"id":65788088}],"con":true,"img":false}]}
{"op":"mcm","clk":"11450452359","pt":1717322207132,"mc":[{"id":"1.229554919","rc":[{"atb":[[1.16,0],[1.06,0]],"id":46292327},{"atb":[[3.2,0],[3.7,0]],"id":65788088}],"con":true,"img":false}]}
{"op":"mcm","clk":"11450452371","pt":1717322207247,"mc":[{"id":"1.229554919","rc":[{"atl":[[2.88,27.03],[2.66,0]],"id":46292327},{"atb":[[1.91,0],[1.93,10],[1.76,19.74]],"id":65788088}],"con":true,"img":false}]}
{"op":"mcm","clk":"11450452378","pt":1717322207338,"mc":[{"id":"1.229554919","rc":[{"atb":[[1.4,62.5],[1.37,0]],"id":65788088}],"con":true,"img":false}]}
{"op":"mcm","clk":"11450452498","pt":1717322208750,"mc":[{"id":"1.229554919","rc":[{"atb":[[1.2,117.65],[1.19,78.95]],"id":46292327},{"atb":[[1.68,22.06],[1.76,0]],"id":65788088}],"con":true,"img":false}]}
{"op":"mcm","clk":"11450452574","pt":1717322209442,"mc":[{"id":"1.229554919","rc":[{"atl":[[4.3,34.85],[4.2,10]],"id":65788088}],"con":true,"img":false}]}
{"op":"mcm","clk":"11450452586","pt":1717322209544,"mc":[{"id":"1.229554919","rc":[{"atb":[[1.18,83.33],[1.19,0]],"id":46292327},{"atb":[[1.68,0],[1.77,19.48]],"id":65788088}],"con":true,"img":false}]}
{"op":"mcm","clk":"11450452594","pt":1717322209650,"mc":[{"id":"1.229554919","rc":[{"atl":[[4.3,44.85],[4.2,0]],"id":65788088}],"con":true,"img":false}]}
{"op":"mcm","clk":"11450452603","pt":1717322209751,"mc":[{"id":"1.229554919","rc":[{"atl":[[4.1,0],[4.4,10]],"id":65788088}],"con":true,"img":false}]}
{"op":"mcm","clk":"11450452620","pt":1717322209872,"mc":[{"id":"1.229554919","rc":[{"atl":[[4.3,34.85]],"id":65788088}],"con":true,"img":false}]}
{"op":"mcm","clk":"11450452644","pt":1717322210051,"mc":[{"id":"1.229554919","rc":[{"atb":[[1.28,0],[1.27,2]],"id":46292327}],"con":true,"img":false}]}
{"op":"mcm","clk":"11450452833","pt":1717322212049,"mc":[{"id":"1.229554919","rc":[{"atl":[[4.5,15.71],[4.4,0]],"id":65788088}],"con":true,"img":false}]}
{"op":"mcm","clk":"11450453045","pt":1717322214342,"mc":[{"id":"1.229554919","rc":[{"atl":[[4.3,4.55],[4.7,33.79]],"id":65788088}],"con":true,"img":false}]}
{"op":"mcm","clk":"11450453268","pt":1717322216730,"mc":[{"id":"1.229554919","rc":[{"atb":[[1.16,125]],"id":46292327},{"atb":[[1.75,26.67]],"id":65788088},{"atl":[[4.9,7.69]],"id":65788088}],"con":true,"img":false}]}
{"op":"mcm","clk":"11450453434","pt":1717322218545,"mc":[{"id":"1.229554919","rc":[{"atb":[[1.27,0],[1.26,2]],"id":46292327},{"atb":[[1.32,0]],"id":65788088}],"con":true,"img":false}]}
{"op":"mcm","clk":"11450453643","pt":1717322220646,"mc":[{"id":"1.229554919","rc":[{"atl":[[4.5,5.71],[4.6,10]],"id":65788088}],"con":true,"img":false}]}
{"op":"mcm","clk":"11450453658","pt":1717322220750,"mc":[{"id":"1.229554919","rc":[{"atb":[[1.26,8.61]],"id":46292327},{"atl":[[2.04,5.93]],"id":46292327},{"atb":[[1.94,3.35]],"id":65788088},{"atl":[[4.2,3.14]],"id":65788088}],"con":true,"img":false}]}
{"op":"mcm","clk":"11450453665","pt":1717322220846,"mc":[{"id":"1.229554919","rc":[{"atb":[[1.27,83.33]],"id":46292327},{"atl":[[4.1,4.55]],"id":65788088}],"con":true,"img":false}]}
{"op":"mcm","clk":"11450453678","pt":1717322220955,"mc":[{"id":"1.229554919","rc":[{"atb":[[1.2,0]],"id":46292327},{"atl":[[4.7,6.76]],"id":65788088}],"con":true,"img":false}]}
{"op":"mcm","clk":"11450454069","pt":1717322225361,"mc":[{"id":"1.229554919","rc":[{"atb":[[1.16,174.04],[1.06,130.79]],"id":46292327},{"atb":[[3.2,3.56],[3.7,2.9]],"id":65788088}],"con":true,"img":false}]}
{"op":"mcm","clk":"11450454094","pt":1717322225573,"mc":[{"id":"1.229554919","rc":[{"atl":[[2.88,0],[2.64,26.1]],"id":46292327}],"con":true,"img":false}]}
{"op":"mcm","clk":"11450454116","pt":1717322225774,"mc":[{"id":"1.229554919","rc":[{"atl":[[4.6,0],[4.1,14.55]],"id":65788088}],"con":true,"img":false}]}
{"op":"mcm","clk":"11450454149","pt":1717322226045,"mc":[{"id":"1.229554919","rc":[{"atb":[[1.18,0],[1.19,78.95]],"id":46292327}],"con":true,"img":false}]}
{"op":"mcm","clk":"11450454794","pt":1717322232660,"mc":[{"id":"1.229554919","rc":[{"atl":[[4.3,0]],"id":65788088}],"con":true,"img":false}]}
{"op":"mcm","clk":"11450454810","pt":1717322232881,"mc":[{"id":"1.229554919","rc":[{"atl":[[4.4,4.41]],"id":65788088}],"con":true,"img":false}]}
{"op":"mcm","clk":"11450454862","pt":1717322233384,"mc":[{"id":"1.229554919","rc":[{"atb":[[1.27,85.33],[1.26,6.61]],"id":46292327}],"con":true,"img":false}]}
{"op":"mcm","clk":"11450455328","pt":1717322237454,"mc":[{"id":"1.229554919","rc":[{"atb":[[1.28,2],[1.27,83.33]],"id":46292327}],"con":true,"img":false}]}
{"op":"mcm","clk":"11450455381","pt":1717322238075,"mc":[{"id":"1.229554919","rc":[{"atl":[[4,3.14]],"id":65788088}],"con":true,"img":false}]}
{"op":"mcm","clk":"11450455395","pt":1717322238187,"mc":[{"id":"1.229554919","rc":[{"atb":[[1.28,8.62]],"id":46292327},{"atl":[[3.95,3.14]],"id":65788088}],"con":true,"img":false}]}
{"op":"mcm","clk":"11450455404","pt":1717322238287,"mc":[{"id":"1.229554919","rc":[{"atl":[[3.95,13.14],[4.1,0]],"id":65788088}],"con":true,"img":false}]}
{"op":"mcm","clk":"11450455409","pt":1717322238345,"mc":[{"id":"1.229554919","rc":[{"atb":[[1.27,0],[1.29,8.62]],"id":46292327}],"con":true,"img":false}]}
{"op":"mcm","clk":"11450455629","pt":1717322240848,"mc":[{"id":"1.229554919","rc":[{"atl":[[4.4,0],[4.2,7.83]],"id":65788088}],"con":true,"img":false}]}
{"op":"mcm","clk":"11450455851","pt":1717322243290,"mc":[{"id":"1.229554919","rc":[{"atl":[[4.4,4.41],[4.2,3.14]],"id":65788088}],"con":true,"img":false}]}
{"op":"mcm","clk":"11450456567","pt":1717322250391,"mc":[{"id":"1.229554919","rc":[{"atb":[[1.28,6.62],[1.35,2.96]],"id":46292327},{"atl":[[3.95,3.14],[3.75,10]],"id":65788088}],"con":true,"img":false}]}
{"op":"mcm","clk":"11450456611","pt":1717322250803,"mc":[{"id":"1.229554919","rc":[{"atb":[[1.34,2],[1.35,0]],"id":46292327}],"con":true,"img":false}]}
{"op":"mcm","clk":"11450456620","pt":1717322250907,"mc":[{"id":"1.229554919","rc":[{"atb":[[1.29,0],[1.31,6.62]],"id":46292327}],"con":true,"img":false}]}
{"op":"mcm","clk":"11450456756","pt":1717322252265,"mc":[{"id":"1.229554919","rc":[{"atl":[[3.95,13.14],[3.75,0]],"id":65788088}],"con":true,"img":false}]}
{"op":"mcm","clk":"11450456992","pt":1717322254912,"mc":[{"id":"1.229554919","rc":[{"atb":[[1.19,0]],"id":46292327}],"con":true,"img":false}]}
{"op":"mcm","clk":"11450457036","pt":1717322255279,"mc":[{"id":"1.229554919","rc":[{"atb":[[1.29,8.62],[1.31,0]],"id":46292327}],"con":true,"img":false}]}
{"op":"mcm","clk":"11450457111","pt":1717322255902,"mc":[{"id":"1.229554919","rc":[{"atb":[[1.3,2]],"id":46292327}],"con":true,"img":false}]}
