{"op":"mcm","clk":"11448351863","pt":1717289088271,"mc":[{"id":"1.229554929","marketDefinition":{"bspMarket":false,"turnInPlayEnabled":false,"persistenceEnabled":false,"marketBaseRate":7.0,"eventId":"33318908","eventTypeId":"4339","numberOfWinners":1,"bettingType":"ODDS","marketType":"MATCH_BET","marketTime":"2024-06-02T10:41:00.000Z","suspendTime":"2024-06-02T10:41:00.000Z","bspReconciled":false,"complete":true,"inPlay":false,"crossMatching":true,"runnersVoidable":false,"numberOfActiveRunners":2,"betDelay":0,"status":"OPEN","runners":[{"status":"ACTIVE","sortPriority":1,"id":47148562,"name":"2. Under Siege"},{"status":"ACTIVE","sortPriority":2,"id":49546922,"name":"4. Uno Whiskey"}],"regulators":["MR_INT"],"venue":"Murray Bridge","countryCode":"AU","discountAllowed":true,"timezone":"Australia/Adelaide","openDate":"2024-06-02T08:21:00.000Z","version":5962433793,"name":"Under Siege v Uno Whiskey","eventName":"Murray Bridge (AUS) 2nd Jun"},"rc":[],"con":true,"img":false}]}
{"op":"mcm","clk":"11448366403","pt":1717289278043,"mc":[{"id":"1.229554929","rc":[{"atb":[[1.97,8.08],[1.87,9.01]],"id":47148562},{"atb":[[1.73,10.75],[1.63,12.45]],"id":49546922}],"con":true,"img":false}]}
{"op":"mcm","clk":"11448516312","pt":1717291543831,"mc":[{"id":"1.229554929","rc":[{"atb":[[1.97,0],[1.87,0]],"id":47148562},{"atb":[[1.73,0],[1.63,0]],"id":49546922}],"con":true,"img":false}]}
{"op":"mcm","clk":"11448516748","pt":1717291550972,"mc":[{"id":"1.229554929","rc":[{"atb":[[1.96,8.17],[1.86,9.12]],"id":47148562},{"atb":[[1.75,10.46],[1.65,12.07]],"id":49546922}],"con":true,"img":false}]}
{"op":"mcm","clk":"11448517449","pt":1717291562388,"mc":[{"id":"1.229554929","rc":[{"atb":[[1.96,0],[1.86,0]],"id":47148562},{"atb":[[1.75,0],[1.65,0]],"id":49546922}],"con":true,"img":false}]}
{"op":"mcm","clk":"11448517838","pt":1717291568298,"mc":[{"id":"1.229554929","rc":[{"atb":[[1.99,7.92],[1.89,8.81]],"id":47148562},{"atb":[[1.71,11.05],[1.61,12.86]],"id":49546922}],"con":true,"img":false}]}
{"op":"mcm","clk":"11448522288","pt":1717291645993,"mc":[{"id":"1.229554929","rc":[{"atb":[[1.99,0],[1.89,0]],"id":47148562},{"atb":[[1.71,0],[1.61,0]],"id":49546922}],"con":true,"img":false}]}
{"op":"mcm","clk":"11448522564","pt":1717291651915,"mc":[{"id":"1.229554929","rc":[{"atb":[[1.99,7.92],[1.89,8.81]],"id":47148562},{"atb":[[1.71,11.05],[1.61,12.86]],"id":49546922}],"con":true,"img":false}]}
{"op":"mcm","clk":"11448523124","pt":1717291661917,"mc":[{"id":"1.229554929","rc":[{"atb":[[1.99,0],[1.89,0]],"id":47148562},{"atb":[[1.71,0],[1.61,0]],"id":49546922}],"con":true,"img":false}]}
{"op":"mcm","clk":"11448523428","pt":1717291667331,"mc":[{"id":"1.229554929","rc":[{"atb":[[1.99,7.92],[1.89,8.81]],"id":47148562},{"atb":[[1.71,11.05],[1.61,12.86]],"id":49546922}],"con":true,"img":false}]}
{"op":"mcm","clk":"11448527341","pt":1717291733198,"mc":[{"id":"1.229554929","rc":[{"atb":[[1.99,0],[1.89,0]],"id":47148562},{"atb":[[1.71,0],[1.61,0]],"id":49546922}],"con":true,"img":false}]}
{"op":"mcm","clk":"11448527774","pt":1717291740829,"mc":[{"id":"1.229554929","rc":[{"atb":[[1.99,7.92],[1.89,8.81]],"id":47148562},{"atb":[[1.71,11.05],[1.61,12.86]],"id":49546922}],"con":true,"img":false}]}
{"op":"mcm","clk":"11448528407","pt":1717291751125,"mc":[{"id":"1.229554929","rc":[{"atb":[[1.99,0],[1.89,0]],"id":47148562},{"atb":[[1.71,0],[1.61,0]],"id":49546922}],"con":true,"img":false}]}
{"op":"mcm","clk":"11448528857","pt":1717291758159,"mc":[{"id":"1.229554929","rc":[{"atb":[[2,7.84],[1.9,8.72]],"id":47148562},{"atb":[[1.6,13.07],[1.7,11.21]],"id":49546922}],"con":true,"img":false}]}
{"op":"mcm","clk":"11448951018","pt":1717300630652,"mc":[{"id":"1.229554929","rc":[{"atb":[[1.01,17.19]],"id":47148562},{"atl":[[990,0.85]],"id":47148562},{"atb":[[1.03,5.73]],"id":49546922},{"atl":[[990,0.85]],"id":49546922}],"con":true,"img":false}]}
{"op":"mcm","clk":"11449585828","pt":1717311428269,"mc":[{"id":"1.229554929","rc":[{"atl":[[990,0.17]],"id":47148562},{"atl":[[990,0.17]],"id":49546922}],"con":true,"img":false}]}
{"op":"mcm","clk":"11449741850","pt":1717314153752,"mc":[{"id":"1.229554929","rc":[{"atb":[[2,0],[1.9,0]],"id":47148562},{"atb":[[1.6,0],[1.7,0]],"id":49546922}],"con":true,"img":false}]}
{"op":"mcm","clk":"11449742651","pt":1717314163984,"mc":[{"id":"1.229554929","rc":[{"atb":[[2,7.84],[1.9,8.72]],"id":47148562},{"atb":[[1.6,13.07],[1.7,11.21]],"id":49546922}],"con":true,"img":false}]}
{"op":"mcm","clk":"11449851305","pt":1717315296778,"mc":[{"id":"1.229554929","rc":[{"atb":[[2,0],[1.9,0]],"id":47148562},{"atb":[[1.6,0],[1.7,0]],"id":49546922}],"con":true,"img":false}]}
{"op":"mcm","clk":"11449854719","pt":1717315331356,"mc":[{"id":"1.229554929","rc":[{"atb":[[2,7.84],[1.9,8.72]],"id":47148562},{"atb":[[1.6,13.07],[1.7,11.21]],"id":49546922}],"con":true,"img":false}]}
{"op":"mcm","clk":"11449893743","pt":1717315713497,"mc":[{"id":"1.229554929","rc":[{"atb":[[2,0],[1.9,0]],"id":47148562},{"atb":[[1.6,0],[1.7,0]],"id":49546922}],"con":true,"img":false}]}
{"op":"mcm","clk":"11449898095","pt":1717315753812,"mc":[{"id":"1.229554929","rc":[{"atb":[[2,7.84],[1.9,8.72]],"id":47148562},{"atb":[[1.6,13.07],[1.7,11.21]],"id":49546922}],"con":true,"img":false}]}
{"op":"mcm","clk":"11449959215","pt":1717316398585,"mc":[{"id":"1.229554929","rc":[{"atb":[[2,0],[1.9,0]],"id":47148562},{"atb":[[1.6,0],[1.7,0]],"id":49546922}],"con":true,"img":false}]}
{"op":"mcm","clk":"11449960619","pt":1717316415047,"mc":[{"id":"1.229554929","rc":[{"atb":[[2,7.84],[1.9,8.72]],"id":47148562},{"atb":[[1.6,13.07],[1.7,11.21]],"id":49546922}],"con":true,"img":false}]}
{"op":"mcm","clk":"11450057451","pt":1717317526843,"mc":[{"id":"1.229554929","rc":[{"atb":[[2,0],[1.9,0]],"id":47148562},{"atb":[[1.6,0],[1.7,0]],"id":49546922}],"con":true,"img":false}]}
{"op":"mcm","clk":"11450060536","pt":1717317560943,"mc":[{"id":"1.229554929","rc":[{"atb":[[2,7.84],[1.9,8.72]],"id":47148562},{"atb":[[1.6,13.07],[1.7,11.21]],"id":49546922}],"con":true,"img":false}]}
{"op":"mcm","clk":"11450133833","pt":1717318390220,"mc":[{"id":"1.229554929","rc":[{"atb":[[2,0],[1.9,0]],"id":47148562},{"atb":[[1.6,0],[1.7,0]],"id":49546922}],"con":true,"img":false}]}
{"op":"mcm","clk":"11450134730","pt":1717318401243,"mc":[{"id":"1.229554929","rc":[{"atb":[[2,7.84],[1.9,8.72]],"id":47148562},{"atb":[[1.6,13.07],[1.7,11.21]],"id":49546922}],"con":true,"img":false}]}
{"op":"mcm","clk":"11450214766","pt":1717319245838,"mc":[{"id":"1.229554929","rc":[{"atb":[[2,0],[1.9,0]],"id":47148562},{"atb":[[1.6,0],[1.7,0]],"id":49546922}],"con":true,"img":false}]}
{"op":"mcm","clk":"11450217194","pt":1717319268395,"mc":[{"id":"1.229554929","rc":[{"atb":[[2,7.84],[1.9,8.72]],"id":47148562},{"atb":[[1.6,13.07],[1.7,11.21]],"id":49546922}],"con":true,"img":false}]}
{"op":"mcm","clk":"11450286947","pt":1717320073091,"mc":[{"id":"1.229554929","rc":[{"atb":[[2,0],[1.9,0]],"id":47148562},{"atb":[[1.6,0],[1.7,0]],"id":49546922}],"con":true,"img":false}]}
{"op":"mcm","clk":"11450287949","pt":1717320087390,"mc":[{"id":"1.229554929","rc":[{"atb":[[2,7.84],[1.9,8.72]],"id":47148562},{"atb":[[1.6,13.07],[1.7,11.21]],"id":49546922}],"con":true,"img":false}]}
{"op":"mcm","clk":"11450360431","pt":1717320990956,"mc":[{"id":"1.229554929","rc":[{"atb":[[2,0],[1.9,0]],"id":47148562},{"atb":[[1.6,0],[1.7,0]],"id":49546922}],"con":true,"img":false}]}
{"op":"mcm","clk":"11450362078","pt":1717321011721,"mc":[{"id":"1.229554929","rc":[{"atb":[[2,7.84],[1.9,8.72]],"id":47148562},{"atb":[[1.6,13.07],[1.7,11.21]],"id":49546922}],"con":true,"img":false}]}
{"op":"mcm","clk":"11450378801","pt":1717321260440,"mc":[{"id":"1.229554929","rc":[{"atb":[[1.53,17.2]],"id":47148562},{"atl":[[7,2]],"id":47148562},{"atb":[[1.27,24.29]],"id":49546922},{"atl":[[3.75,2]],"id":49546922}],"con":true,"img":false}]}
{"op":"mcm","clk":"11450378814","pt":1717321260647,"mc":[{"id":"1.229554929","rc":[{"atl":[[2.8,11.11],[2.88,15.96],[2.84,13.59],[2.76,8.52]],"id":47148562},{"atl":[[2.42,17.61],[2.38,14.49],[2.46,20.55],[2.34,11.19]],"id":49546922}],"con":true,"img":false}]}
{"op":"mcm","clk":"11450378823","pt":1717321260702,"mc":[{"id":"1.229554929","rc":[{"atl":[[2.5,32.1],[3.75,0]],"id":49546922}],"con":true,"img":false}]}
{"op":"mcm","clk":"11450378955","pt":1717321262522,"mc":[{"id":"1.229554929","rc":[{"atb":[[1.27,0],[1.32,24.29]],"id":49546922}],"con":true,"img":false}]}
{"op":"mcm","clk":"11450379504","pt":1717321270640,"mc":[{"id":"1.229554929","rc":[{"atl":[[2.36,11.03],[2.34,0]],"id":49546922}],"con":true,"img":false}]}
{"op":"mcm","clk":"11450379602","pt":1717321271933,"mc":[{"id":"1.229554929","rc":[{"atl":[[2.5,0],[2.62,35.22]],"id":49546922}],"con":true,"img":false}]}
{"op":"mcm","clk":"11450381326","pt":1717321297568,"mc":[{"id":"1.229554929","rc":[{"atb":[[1.58,17.2]],"id":47148562},{"atl":[[3.4,24.7],[7,0]],"id":47148562}],"con":true,"img":false}]}
{"op":"mcm","clk":"11450381332","pt":1717321297668,"mc":[{"id":"1.229554929","rc":[{"atb":[[1.53,0]],"id":47148562}],"con":true,"img":false}]}
{"op":"mcm","clk":"11450382317","pt":1717321314587,"mc":[{"id":"1.229554929","rc":[{"atb":[[2,0],[1.9,0]],"id":47148562},{"atb":[[1.6,0],[1.7,0]],"id":49546922}],"con":true,"img":false}]}
{"op":"mcm","clk":"11450382320","pt":1717321314691,"mc":[{"id":"1.229554929","rc":[{"atb":[[1.18,34.4]],"id":47148562},{"atb":[[1.32,0],[1.04,48.58]],"id":49546922}],"con":true,"img":false}]}
{"op":"mcm","clk":"11450382325","pt":1717321314794,"mc":[{"id":"1.229554929","rc":[{"atb":[[1.58,0]],"id":47148562}],"con":true,"img":false}]}
{"op":"mcm","clk":"11450382395","pt":1717321316098,"mc":[{"id":"1.229554929","rc":[{"atb":[[1.41,73.17],[1.45,44.44],[1.43,58.14],[1.47,31.91]],"id":47148562},{"atl":[[4.1,27.18]],"id":47148562},{"atb":[[1.41,36.59],[1.37,67.57],[1.39,51.28],[1.35,85.71]],"id":49546922},{"atl":[[3.2,35.22]],"id":49546922}],"con":true,"img":false}]}
{"op":"mcm","clk":"11450382401","pt":1717321316199,"mc":[{"id":"1.229554929","rc":[{"atb":[[1.43,83.94]],"id":47148562},{"atl":[[3.4,0]],"id":47148562},{"atb":[[1.3,27.16]],"id":49546922},{"atl":[[2.62,0]],"id":49546922}],"con":true,"img":false}]}
{"op":"mcm","clk":"11450382411","pt":1717321316306,"mc":[{"id":"1.229554929","rc":[{"atb":[[1.18,0]],"id":47148562},{"atb":[[1.04,0]],"id":49546922}],"con":true,"img":false}]}
{"op":"mcm","clk":"11450382475","pt":1717321317189,"mc":[{"id":"1.229554929","rc":[{"atb":[[1.49,30.61]],"id":47148562},{"atb":[[1.41,0],[1.43,34.88]],"id":49546922}],"con":true,"img":false}]}
{"op":"mcm","clk":"11450382483","pt":1717321317294,"mc":[{"id":"1.229554929","rc":[{"atb":[[1.43,58.14],[1.5,31.91],[1.47,0]],"id":47148562}],"con":true,"img":false}]}
{"op":"mcm","clk":"11450382489","pt":1717321317402,"mc":[{"id":"1.229554929","rc":[{"atb":[[1.5,0],[1.47,62.52]],"id":47148562}],"con":true,"img":false}]}
{"op":"mcm","clk":"11450382498","pt":1717321317505,"mc":[{"id":"1.229554929","rc":[{"atb":[[1.45,137.57],[1.47,0]],"id":47148562}],"con":true,"img":false}]}
{"op":"mcm","clk":"11450382507","pt":1717321317606,"mc":[{"id":"1.229554929","rc":[{"atb":[[1.45,44.44],[1.43,226.32]],"id":47148562}],"con":true,"img":false}]}
{"op":"mcm","clk":"11450382527","pt":1717321317917,"mc":[{"id":"1.229554929","rc":[{"atb":[[1.49,0],[1.47,31.91]],"id":47148562},{"atb":[[1.41,36.59],[1.43,0]],"id":49546922}],"con":true,"img":false}]}
{"op":"mcm","clk":"11450382537","pt":1717321318022,"mc":[{"id":"1.229554929","rc":[{"atb":[[1.43,58.14],[1.48,44.44]],"id":47148562}],"con":true,"img":false}]}
{"op":"mcm","clk":"11450382544","pt":1717321318126,"mc":[{"id":"1.229554929","rc":[{"atb":[[1.45,120.79]],"id":47148562}],"con":true,"img":false}]}
{"op":"mcm","clk":"11450382550","pt":1717321318180,"mc":[{"id":"1.229554929","rc":[{"atb":[[1.48,0]],"id":47148562}],"con":true,"img":false}]}
{"op":"mcm","clk":"11450382557","pt":1717321318284,"mc":[{"id":"1.229554929","rc":[{"atb":[[1.45,44.44],[1.43,210.84]],"id":47148562}],"con":true,"img":false}]}
{"op":"mcm","clk":"11450382654","pt":1717321319575,"mc":[{"id":"1.229554929","rc":[{"atb":[[1.49,30.61],[1.47,0]],"id":47148562},{"atb":[[1.41,0],[1.43,34.88]],"id":49546922}],"con":true,"img":false}]}
{"op":"mcm","clk":"11450382658","pt":1717321319680,"mc":[{"id":"1.229554929","rc":[{"atb":[[1.45,117.61]],"id":47148562}],"con":true,"img":false}]}
{"op":"mcm","clk":"11450382663","pt":1717321319781,"mc":[{"id":"1.229554929","rc":[{"atb":[[1.43,58.14]],"id":47148562}],"con":true,"img":false}]}
{"op":"mcm","clk":"11450382671","pt":1717321319886,"mc":[{"id":"1.229554929","rc":[{"atb":[[1.43,206.36]],"id":47148562}],"con":true,"img":false}]}
{"op":"mcm","clk":"11450382674","pt":1717321319987,"mc":[{"id":"1.229554929","rc":[{"atb":[[1.45,44.44]],"id":47148562}],"con":true,"img":false}]}
{"op":"mcm","clk":"11450383247","pt":1717321329646,"mc":[{"id":"1.229554929","rc":[{"atb":[[1.47,42.55]],"id":47148562},{"atb":[[1.41,48.78]],"id":49546922}],"con":true,"img":false}]}
{"op":"mcm","clk":"11450383253","pt":1717321329749,"mc":[{"id":"1.229554929","rc":[{"atb":[[1.45,117.61]],"id":47148562}],"con":true,"img":false}]}
{"op":"mcm","clk":"11450383261","pt":1717321329852,"mc":[{"id":"1.229554929","rc":[{"atb":[[1.43,58.14]],"id":47148562}],"con":true,"img":false}]}
{"op":"mcm","clk":"11450383347","pt":1717321331146,"mc":[{"id":"1.229554929","rc":[{"atb":[[1.41,0]],"id":47148562},{"atb":[[1.35,0]],"id":49546922}],"con":true,"img":false}]}
{"op":"mcm","clk":"11450383477","pt":1717321333068,"mc":[{"id":"1.229554929","rc":[{"atb":[[2,7.84],[1.9,8.72]],"id":47148562},{"atb":[[1.6,13.07],[1.7,11.21]],"id":49546922}],"con":true,"img":false}]}
{"op":"mcm","clk":"11450383490","pt":1717321333276,"mc":[{"id":"1.229554929","rc":[{"atl":[[4.1,0],[3.4,24.7]],"id":47148562},{"atl":[[3.2,0],[2.62,32.1]],"id":49546922}],"con":true,"img":false}]}
{"op":"mcm","clk":"11450385412","pt":1717321366177,"mc":[{"id":"1.229554929","rc":[{"atb":[[1.58,42.55]],"id":47148562}],"con":true,"img":false}]}
{"op":"mcm","clk":"11450385416","pt":1717321366279,"mc":[{"id":"1.229554929","rc":[{"atb":[[1.45,44.44]],"id":47148562}],"con":true,"img":false}]}
{"op":"mcm","clk":"11450406735","pt":1717321679445,"mc":[{"id":"1.229554929","rc":[{"atb":[[2,0],[1.9,0]],"id":47148562},{"atb":[[1.6,0],[1.7,0]],"id":49546922}],"con":true,"img":false}]}
{"op":"mcm","clk":"11450406740","pt":1717321679548,"mc":[{"id":"1.229554929","rc":[{"atb":[[1.58,0],[1.47,115.71]],"id":47148562}],"con":true,"img":false}]}
{"op":"mcm","clk":"11450406746","pt":1717321679634,"mc":[{"id":"1.229554929","rc":[{"atl":[[3.4,0],[3.75,27.18]],"id":47148562},{"atl":[[2.9,35.22],[2.62,0]],"id":49546922}],"con":true,"img":false}]}
{"op":"mcm","clk":"11450406752","pt":1717321679710,"mc":[{"id":"1.229554929","rc":[{"atb":[[1.45,190.76],[1.47,42.55]],"id":47148562}],"con":true,"img":false}]}
{"op":"mcm","clk":"11450406758","pt":1717321679817,"mc":[{"id":"1.229554929","rc":[{"atl":[[4.1,27.18],[3.75,0]],"id":47148562},{"atl":[[3.2,35.22],[2.9,0]],"id":49546922}],"con":true,"img":false}]}
{"op":"mcm","clk":"11450408145","pt":1717321698386,"mc":[{"id":"1.229554929","rc":[{"atb":[[2,7.84],[1.9,8.72]],"id":47148562},{"atb":[[1.6,13.07],[1.7,11.21]],"id":49546922}],"con":true,"img":false}]}
{"op":"mcm","clk":"11450408161","pt":1717321698547,"mc":[{"id":"1.229554929","rc":[{"atb":[[1.45,44.44],[1.58,42.55]],"id":47148562}],"con":true,"img":false}]}
{"op":"mcm","clk":"11450408408","pt":1717321701695,"mc":[{"id":"1.229554929","rc":[{"atl":[[3.4,24.7]],"id":47148562},{"atl":[[2.62,32.1]],"id":49546922}],"con":true,"img":false}]}
{"op":"mcm","clk":"11450408417","pt":1717321701746,"mc":[{"id":"1.229554929","rc":[{"atl":[[4.1,0]],"id":47148562},{"atl":[[3.2,0]],"id":49546922}],"con":true,"img":false}]}
{"op":"mcm","clk":"11450430371","pt":1717321953705,"mc":[{"id":"1.229554929","rc":[{"atb":[[1.49,0],[1.47,0]],"id":47148562},{"atb":[[1.41,0],[1.43,0]],"id":49546922}],"con":true,"img":false}]}
{"op":"mcm","clk":"11450438283","pt":1717322047773,"mc":[{"id":"1.229554929","rc":[{"atb":[[1.58,0],[1.66,44.44]],"id":47148562},{"atl":[[2.84,8.15],[2.76,0]],"id":47148562},{"atl":[[2.46,49.53],[2.62,0]],"id":49546922}],"con":true,"img":false}]}
{"op":"mcm","clk":"11450438385","pt":1717322048863,"mc":[{"id":"1.229554929","rc":[{"atl":[[3.25,22.22],[2.76,8.52]],"id":47148562}],"con":true,"img":false}]}
{"op":"mcm","clk":"11450438392","pt":1717322048971,"mc":[{"id":"1.229554929","rc":[{"atl":[[3.4,0]],"id":47148562}],"con":true,"img":false}]}
{"op":"mcm","clk":"11450440040","pt":1717322066795,"mc":[{"id":"1.229554929","rc":[{"atb":[[2,0],[1.9,0]],"id":47148562},{"atb":[[1.6,0],[1.7,0]],"id":49546922}],"con":true,"img":false}]}
{"op":"mcm","clk":"11450440076","pt":1717322067000,"mc":[{"id":"1.229554929","rc":[{"atb":[[1.43,147.02],[1.5,30],[1.66,0]],"id":47148562},{"atl":[[3.6,22.22],[3.25,0]],"id":47148562},{"atb":[[1.41,36.59]],"id":49546922},{"atl":[[2.46,20.55],[2.76,32.1]],"id":49546922}],"con":true,"img":false}]}
{"op":"mcm","clk":"11450440084","pt":1717322067106,"mc":[{"id":"1.229554929","rc":[{"atb":[[1.3,0],[1.32,118.85]],"id":49546922}],"con":true,"img":false}]}
{"op":"mcm","clk":"11450441147","pt":1717322077022,"mc":[{"id":"1.229554929","rc":[{"atb":[[1.48,41.67]],"id":47148562},{"atb":[[1.35,85.71]],"id":49546922}],"con":true,"img":false}]}
{"op":"mcm","clk":"11450441160","pt":1717322077078,"mc":[{"id":"1.229554929","rc":[{"atb":[[1.45,104.44],[1.43,58.14]],"id":47148562}],"con":true,"img":false}]}
{"op":"mcm","clk":"11450441276","pt":1717322078115,"mc":[{"id":"1.229554929","rc":[{"atl":[[3.6,0],[3.95,22.22]],"id":47148562},{"atb":[[1.41,0],[1.4,37.5]],"id":49546922},{"atl":[[3.05,35.22],[2.76,0]],"id":49546922}],"con":true,"img":false}]}
{"op":"mcm","clk":"11450441776","pt":1717322083405,"mc":[{"id":"1.229554929","rc":[{"atb":[[2,7.84],[1.9,8.72]],"id":47148562},{"atb":[[1.6,13.07],[1.7,11.21]],"id":49546922}],"con":true,"img":false}]}
{"op":"mcm","clk":"11450441799","pt":1717322083611,"mc":[{"id":"1.229554929","rc":[{"atb":[[1.63,41.67],[1.45,44.44]],"id":47148562}],"con":true,"img":false}]}
{"op":"mcm","clk":"11450441809","pt":1717322083670,"mc":[{"id":"1.229554929","rc":[{"atl":[[3.95,0],[3.25,19.63]],"id":47148562},{"atl":[[2.5,32.1],[3.05,0]],"id":49546922}],"con":true,"img":false}]}
{"op":"mcm","clk":"11450448635","pt":1717322165859,"mc":[{"id":"1.229554929","rc":[{"atb":[[1.5,0],[1.48,0]],"id":47148562}],"con":true,"img":false}]}
{"op":"mcm","clk":"11450448899","pt":1717322168883,"mc":[{"id":"1.229554929","rc":[{"atl":[[2.5,0],[2.62,35.22]],"id":49546922}],"con":true,"img":false}]}
{"op":"mcm","clk":"11450476042","pt":1717322465123,"mc":[{"id":"1.229554929","rc":[{"atl":[[2.4,10.71]],"id":49546922}],"con":true,"img":false}]}
{"op":"mcm","clk":"11450476057","pt":1717322465195,"mc":[{"id":"1.229554929","rc":[{"atl":[[2.36,0]],"id":49546922}],"con":true,"img":false}]}
{"op":"mcm","clk":"11450476587","pt":1717322471333,"mc":[{"id":"1.229554929","rc":[{"atb":[[2,0],[1.9,0]],"id":47148562},{"atb":[[1.6,0],[1.7,0]],"id":49546922},{"atl":[[2.38,0]],"id":49546922}],"con":true,"img":false}]}
{"op":"mcm","clk":"11450476596","pt":1717322471436,"mc":[{"id":"1.229554929","rc":[{"atb":[[1.63,0],[1.43,144.25]],"id":47148562}],"con":true,"img":false}]}
{"op":"mcm","clk":"11450476637","pt":1717322471910,"mc":[{"id":"1.229554929","rc":[{"atb":[[1.52,28.85]],"id":47148562},{"atl":[[4.1,22.22],[3.25,0]],"id":47148562},{"atb":[[1.4,0],[1.42,35.71]],"id":49546922},{"atl":[[3.2,38.16],[2.62,0]],"id":49546922}],"con":true,"img":false}]}
{"op":"mcm","clk":"11450476644","pt":1717322472012,"mc":[{"id":"1.229554929","rc":[{"atb":[[1.45,88.88],[1.43,58.14]],"id":47148562}],"con":true,"img":false}]}
{"op":"mcm","clk":"11450477434","pt":1717322481944,"mc":[{"id":"1.229554929","rc":[{"atb":[[1.5,40]],"id":47148562},{"atl":[[2.44,13.89]],"id":49546922}],"con":true,"img":false}]}
{"op":"mcm","clk":"11450478104","pt":1717322490254,"mc":[{"id":"1.229554929","rc":[{"atb":[[2,7.84],[1.9,8.72]],"id":47148562},{"atb":[[1.6,13.07],[1.7,11.21]],"id":49546922}],"con":true,"img":false}]}
{"op":"mcm","clk":"11450478646","pt":1717322496933,"mc":[{"id":"1.229554929","rc":[{"atl":[[4.1,0],[3.4,19.63]],"id":47148562},{"atl":[[3.2,0],[2.62,31.5]],"id":49546922}],"con":true,"img":false}]}
{"op":"mcm","clk":"11450478654","pt":1717322497033,"mc":[{"id":"1.229554929","rc":[{"atb":[[1.45,44.44],[1.58,40]],"id":47148562}],"con":true,"img":false}]}
{"op":"mcm","clk":"11450481136","pt":1717322527904,"mc":[{"id":"1.229554929","rc":[{"atb":[[2,0],[1.9,0]],"id":47148562},{"atb":[[1.6,0],[1.7,0]],"id":49546922}],"con":true,"img":false}]}
{"op":"mcm","clk":"11450481141","pt":1717322528007,"mc":[{"id":"1.229554929","rc":[{"atb":[[1.58,0],[1.5,108.85]],"id":47148562}],"con":true,"img":false}]}
{"op":"mcm","clk":"11450481551","pt":1717322533116,"mc":[{"id":"1.229554929","rc":[{"atb":[[1.45,182.14],[1.5,40]],"id":47148562}],"con":true,"img":false}]}
{"op":"mcm","clk":"11450481715","pt":1717322534993,"mc":[{"id":"1.229554929","rc":[{"atl":[[4.1,22.22],[3.4,0]],"id":47148562},{"atl":[[3.2,35.22],[2.62,0]],"id":49546922}],"con":true,"img":false}]}
{"op":"mcm","clk":"11450481971","pt":1717322537904,"mc":[{"id":"1.229554929","rc":[{"atb":[[1.48,52.08]],"id":47148562}],"con":true,"img":false}]}
{"op":"mcm","clk":"11450482243","pt":1717322541413,"mc":[{"id":"1.229554929","rc":[{"atb":[[1.43,0]],"id":47148562}],"con":true,"img":false}]}
{"op":"mcm","clk":"11450482356","pt":1717322542828,"mc":[{"id":"1.229554929","rc":[{"atb":[[2,7.84],[1.9,8.72]],"id":47148562},{"atb":[[1.6,13.07],[1.7,11.21]],"id":49546922}],"con":true,"img":false}]}
{"op":"mcm","clk":"11450482397","pt":1717322543242,"mc":[{"id":"1.229554929","rc":[{"atl":[[4.1,0],[3.4,19.63]],"id":47148562},{"atl":[[3.2,0],[2.62,31.5]],"id":49546922}],"con":true,"img":false}]}
{"op":"mcm","clk":"11450483065","pt":1717322552463,"mc":[{"id":"1.229554929","rc":[{"atb":[[1.45,44.44],[1.58,40]],"id":47148562}],"con":true,"img":false}]}
{"op":"mcm","clk":"11450485462","pt":1717322584695,"mc":[{"id":"1.229554929","rc":[{"atb":[[2,0],[1.9,0]],"id":47148562},{"atb":[[1.6,0],[1.7,0]],"id":49546922}],"con":true,"img":false}]}
{"op":"mcm","clk":"11450485474","pt":1717322584805,"mc":[{"id":"1.229554929","rc":[{"atb":[[1.58,0],[1.5,108.85]],"id":47148562}],"con":true,"img":false}]}
{"op":"mcm","clk":"11450485553","pt":1717322585894,"mc":[{"id":"1.229554929","rc":[{"atl":[[3.4,0]],"id":47148562},{"atl":[[3.2,35.22],[2.62,0]],"id":49546922}],"con":true,"img":false}]}
{"op":"mcm","clk":"11450485559","pt":1717322585995,"mc":[{"id":"1.229554929","rc":[{"atl":[[4.1,22.22]],"id":47148562}],"con":true,"img":false}]}
{"op":"mcm","clk":"11450485868","pt":1717322589915,"mc":[{"id":"1.229554929","rc":[{"atb":[[1.5,40],[1.48,189.78]],"id":47148562}],"con":true,"img":false}]}
{"op":"mcm","clk":"11450486967","pt":1717322601652,"mc":[{"id":"1.229554929","rc":[{"atb":[[2,7.84],[1.9,8.72]],"id":47148562},{"atb":[[1.6,13.07],[1.7,11.21]],"id":49546922}],"con":true,"img":false}]}
{"op":"mcm","clk":"11450487688","pt":1717322609744,"mc":[{"id":"1.229554929","rc":[{"atl":[[3.2,0],[2.62,31.5]],"id":49546922}],"con":true,"img":false}]}
{"op":"mcm","clk":"11450487697","pt":1717322609839,"mc":[{"id":"1.229554929","rc":[{"atl":[[4.1,0],[3.4,19.63]],"id":47148562}],"con":true,"img":false}]}
{"op":"mcm","clk":"11450488025","pt":1717322613767,"mc":[{"id":"1.229554929","rc":[{"atb":[[1.58,40],[1.48,52.08]],"id":47148562}],"con":true,"img":false}]}
{"op":"mcm","clk":"11450489776","pt":1717322632388,"mc":[{"id":"1.229554929","rc":[{"atb":[[1.5,0],[1.48,0],[1.52,0]],"id":47148562},{"atb":[[1.42,0]],"id":49546922}],"con":true,"img":false}]}
{"op":"mcm","clk":"11450490356","pt":1717322639593,"mc":[{"id":"1.229554929","rc":[{"atb":[[2,0],[1.9,0]],"id":47148562},{"atb":[[1.6,0],[1.7,0]],"id":49546922}],"con":true,"img":false}]}
{"op":"mcm","clk":"11450490371","pt":1717322639792,"mc":[{"id":"1.229554929","rc":[{"atb":[[1.18,84.44],[1.58,0]],"id":47148562}],"con":true,"img":false}]}
{"op":"mcm","clk":"11450490773","pt":1717322643983,"mc":[{"id":"1.229554929","rc":[{"atb":[[1.52,28.85]],"id":47148562},{"atb":[[1.42,35.71]],"id":49546922}],"con":true,"img":false}]}
{"op":"mcm","clk":"11450490787","pt":1717322644087,"mc":[{"id":"1.229554929","rc":[{"atb":[[1.18,0],[1.53,44.44]],"id":47148562}],"con":true,"img":false}]}
{"op":"mcm","clk":"11450490813","pt":1717322644308,"mc":[{"id":"1.229554929","rc":[{"atb":[[1.18,73.29],[1.53,0]],"id":47148562}],"con":true,"img":false}]}
{"op":"mcm","clk":"11450490828","pt":1717322644504,"mc":[{"id":"1.229554929","rc":[{"atb":[[1.18,0],[1.45,102.14]],"id":47148562}],"con":true,"img":false}]}
{"op":"mcm","clk":"11450490849","pt":1717322644658,"mc":[{"id":"1.229554929","rc":[{"atb":[[1.18,130.99],[1.45,44.44]],"id":47148562}],"con":true,"img":false}]}
{"op":"mcm","clk":"11450491510","pt":1717322651899,"mc":[{"id":"1.229554929","rc":[{"atb":[[2,7.84],[1.9,8.72]],"id":47148562},{"atb":[[1.6,13.07],[1.7,11.21]],"id":49546922}],"con":true,"img":false}]}
{"op":"mcm","clk":"11450491515","pt":1717322652008,"mc":[{"id":"1.229554929","rc":[{"atb":[[1.58,44.44]],"id":47148562}],"con":true,"img":false}]}
{"op":"mcm","clk":"11450491523","pt":1717322652112,"mc":[{"id":"1.229554929","rc":[{"atb":[[1.18,0]],"id":47148562}],"con":true,"img":false}]}
{"op":"mcm","clk":"11450505673","pt":1717322805054,"mc":[{"id":"1.229554929","rc":[{"atb":[[1.52,0]],"id":47148562}],"con":true,"img":false}]}
{"op":"mcm","clk":"11450505727","pt":1717322805577,"mc":[{"id":"1.229554929","rc":[{"atb":[[2,0],[1.9,0]],"id":47148562},{"atb":[[1.6,0],[1.7,0]],"id":49546922}],"con":true,"img":false}]}
{"op":"mcm","clk":"11450505734","pt":1717322805645,"mc":[{"id":"1.229554929","rc":[{"atb":[[1.18,88.88],[1.58,0],[1.49,30.61]],"id":47148562},{"atl":[[3.75,22.22]],"id":47148562}],"con":true,"img":false}]}
{"op":"mcm","clk":"11450505747","pt":1717322805747,"mc":[{"id":"1.229554929","rc":[{"atb":[[1.45,133.32]],"id":47148562},{"atl":[[3.4,0]],"id":47148562},{"atb":[[1.43,34.88],[1.42,0]],"id":49546922},{"atl":[[2.9,35.22],[2.62,0]],"id":49546922}],"con":true,"img":false}]}
{"op":"mcm","clk":"11450505755","pt":1717322805846,"mc":[{"id":"1.229554929","rc":[{"atb":[[1.18,0]],"id":47148562}],"con":true,"img":false}]}
{"op":"mcm","clk":"11450505764","pt":1717322805950,"mc":[{"id":"1.229554929","rc":[{"atb":[[1.18,163.93]],"id":47148562},{"atl":[[4.1,22.22],[3.75,0]],"id":47148562}],"con":true,"img":false}]}
{"op":"mcm","clk":"11450505777","pt":1717322806057,"mc":[{"id":"1.229554929","rc":[{"atb":[[1.45,44.44]],"id":47148562}],"con":true,"img":false}]}
{"op":"mcm","clk":"11450506152","pt":1717322810872,"mc":[{"id":"1.229554929","rc":[{"atl":[[3.2,35.22],[2.9,0]],"id":49546922}],"con":true,"img":false}]}
{"op":"mcm","clk":"11450506581","pt":1717322815673,"mc":[{"id":"1.229554929","rc":[{"atb":[[1.47,42.55]],"id":47148562}],"con":true,"img":false}]}
{"op":"mcm","clk":"11450506593","pt":1717322815776,"mc":[{"id":"1.229554929","rc":[{"atb":[[1.48,61.22]],"id":47148562},{"atb":[[1.41,48.78]],"id":49546922}],"con":true,"img":false}]}
{"op":"mcm","clk":"11450506603","pt":1717322815882,"mc":[{"id":"1.229554929","rc":[{"atb":[[1.18,0]],"id":47148562}],"con":true,"img":false}]}
{"op":"mcm","clk":"11450506772","pt":1717322818082,"mc":[{"id":"1.229554929","rc":[{"atb":[[1.35,0]],"id":49546922}],"con":true,"img":false}]}
{"op":"mcm","clk":"11450507006","pt":1717322820789,"mc":[{"id":"1.229554929","rc":[{"atb":[[2,7.84],[1.9,8.72]],"id":47148562},{"atb":[[1.6,13.07],[1.7,11.21]],"id":49546922}],"con":true,"img":false}]}
{"op":"mcm","clk":"11450507017","pt":1717322820895,"mc":[{"id":"1.229554929","rc":[{"atb":[[1.48,0],[1.47,134.38]],"id":47148562}],"con":true,"img":false}]}
{"op":"mcm","clk":"11450507613","pt":1717322827357,"mc":[{"id":"1.229554929","rc":[{"atl":[[2.62,31.5]],"id":49546922}],"con":true,"img":false}]}
{"op":"mcm","clk":"11450507622","pt":1717322827461,"mc":[{"id":"1.229554929","rc":[{"atl":[[3.2,0]],"id":49546922}],"con":true,"img":false}]}
{"op":"mcm","clk":"11450507629","pt":1717322827562,"mc":[{"id":"1.229554929","rc":[{"atl":[[3.4,19.63]],"id":47148562}],"con":true,"img":false}]}
{"op":"mcm","clk":"11450507638","pt":1717322827676,"mc":[{"id":"1.229554929","rc":[{"atl":[[4.1,0]],"id":47148562}],"con":true,"img":false}]}
{"op":"mcm","clk":"11450508622","pt":1717322837388,"mc":[{"id":"1.229554929","rc":[{"atb":[[1.58,44.44],[1.47,42.55]],"id":47148562}],"con":true,"img":false}]}
{"op":"mcm","clk":"11450519258","pt":1717322940496,"mc":[{"id":"1.229554929","rc":[{"atb":[[1.43,0]],"id":49546922}],"con":true,"img":false}]}
{"op":"mcm","clk":"11450520355","pt":1717322950404,"mc":[{"id":"1.229554929","rc":[{"atl":[[2.36,11.03]],"id":49546922}],"con":true,"img":false}]}
{"op":"mcm","clk":"11450520369","pt":1717322950508,"mc":[{"id":"1.229554929","rc":[{"atl":[[2.4,0]],"id":49546922}],"con":true,"img":false}]}
{"op":"mcm","clk":"11450531652","pt":1717323066094,"mc":[{"id":"1.229554929","rc":[{"atl":[[2.4,10.71]],"id":49546922}],"con":true,"img":false}]}
{"op":"mcm","clk":"11450531661","pt":1717323066212,"mc":[{"id":"1.229554929","rc":[{"atl":[[2.36,0]],"id":49546922}],"con":true,"img":false}]}
{"op":"mcm","clk":"11450539341","pt":1717323141666,"mc":[{"id":"1.229554929","rc":[{"atb":[[2,0],[1.9,0]],"id":47148562},{"atb":[[1.6,0],[1.7,0]],"id":49546922}],"con":true,"img":false}]}
{"op":"mcm","clk":"11450539363","pt":1717323141882,"mc":[{"id":"1.229554929","rc":[{"atb":[[1.58,0],[1.47,117.6]],"id":47148562}],"con":true,"img":false}]}
{"op":"mcm","clk":"11450539499","pt":1717323142882,"mc":[{"id":"1.229554929","rc":[{"atb":[[1.51,29.41]],"id":47148562},{"atl":[[4.1,22.22],[3.4,0]],"id":47148562},{"atb":[[1.42,35.71]],"id":49546922},{"atl":[[3.2,35.22],[2.62,0]],"id":49546922}],"con":true,"img":false}]}
{"op":"mcm","clk":"11450540612","pt":1717323152809,"mc":[{"id":"1.229554929","rc":[{"atb":[[2,7.84],[1.9,8.72]],"id":47148562},{"atb":[[1.6,13.07],[1.7,11.21]],"id":49546922}],"con":true,"img":false}]}
{"op":"mcm","clk":"11450541477","pt":1717323160190,"mc":[{"id":"1.229554929","rc":[{"atb":[[1.58,30.61],[1.47,42.55]],"id":47148562}],"con":true,"img":false}]}
{"op":"mcm","clk":"11450541589","pt":1717323161186,"mc":[{"id":"1.229554929","rc":[{"atl":[[4.1,0],[3.4,19.63]],"id":47148562},{"atl":[[3.2,0],[2.62,31.5]],"id":49546922}],"con":true,"img":false}]}
{"op":"mcm","clk":"11450551194","pt":1717323248091,"mc":[{"id":"1.229554929","rc":[{"atl":[[2.46,48.33],[2.62,0]],"id":49546922}],"con":true,"img":false}]}
{"op":"mcm","clk":"11450551202","pt":1717323248133,"mc":[{"id":"1.229554929","rc":[{"atb":[[1.58,0],[1.66,30.61]],"id":47148562},{"atl":[[2.76,0]],"id":47148562}],"con":true,"img":false}]}
{"op":"mcm","clk":"11450551315","pt":1717323249268,"mc":[{"id":"1.229554929","rc":[{"atl":[[3.4,0],[3.25,22.22],[2.76,8.52]],"id":47148562},{"atl":[[2.46,20.55],[2.48,31.5]],"id":49546922}],"con":true,"img":false}]}
{"op":"mcm","clk":"11450551338","pt":1717323249423,"mc":[{"id":"1.229554929","rc":[{"atl":[[2.5,35.22],[2.48,0]],"id":49546922}],"con":true,"img":false}]}
{"op":"mcm","clk":"11450564619","pt":1717323369258,"mc":[{"id":"1.229554929","rc":[{"atb":[[1.58,30.61],[1.66,0]],"id":47148562},{"atl":[[2.5,0],[2.62,35.22]],"id":49546922}],"con":true,"img":false}]}
{"op":"mcm","clk":"11450569289","pt":1717323407080,"mc":[{"id":"1.229554929","rc":[{"atb":[[1.49,0],[1.51,0]],"id":47148562}],"con":true,"img":false}]}
{"op":"mcm","clk":"11450578815","pt":1717323487451,"mc":[{"id":"1.229554929","rc":[{"atb":[[2,0],[1.9,0]],"id":47148562},{"atb":[[1.6,0],[1.7,0]],"id":49546922}],"con":true,"img":false}]}
{"op":"mcm","clk":"11450578831","pt":1717323487511,"mc":[{"id":"1.229554929","rc":[{"atb":[[1.45,117.6]],"id":47148562}],"con":true,"img":false}]}
{"op":"mcm","clk":"11450578844","pt":1717323487618,"mc":[{"id":"1.229554929","rc":[{"atb":[[1.58,0]],"id":47148562}],"con":true,"img":false}]}
{"op":"mcm","clk":"11450579201","pt":1717323490813,"mc":[{"id":"1.229554929","rc":[{"atl":[[4.1,22.22],[3.25,0]],"id":47148562},{"atl":[[3.2,35.22],[2.62,0]],"id":49546922}],"con":true,"img":false}]}
{"op":"mcm","clk":"11450579380","pt":1717323492651,"mc":[{"id":"1.229554929","rc":[{"atb":[[1.18,160.15],[1.45,44.44]],"id":47148562}],"con":true,"img":false}]}
{"op":"mcm","clk":"11450579871","pt":1717323497097,"mc":[{"id":"1.229554929","rc":[{"atb":[[2,7.84],[1.9,8.72]],"id":47148562},{"atb":[[1.6,13.07],[1.7,11.21]],"id":49546922}],"con":true,"img":false}]}
{"op":"mcm","clk":"11450579886","pt":1717323497169,"mc":[{"id":"1.229554929","rc":[{"atb":[[1.49,30.61]],"id":47148562}],"con":true,"img":false}]}
{"op":"mcm","clk":"11450580788","pt":1717323505631,"mc":[{"id":"1.229554929","rc":[{"atl":[[4.1,0],[3.4,19.63]],"id":47148562},{"atl":[[3.2,0],[2.62,31.5]],"id":49546922}],"con":true,"img":false}]}
{"op":"mcm","clk":"11450580951","pt":1717323507469,"mc":[{"id":"1.229554929","rc":[{"atb":[[1.18,0],[1.58,42.55]],"id":47148562}],"con":true,"img":false}]}
{"op":"mcm","clk":"11450600797","pt":1717323710511,"mc":[{"id":"1.229554929","rc":[{"atl":[[2.4,0],[2.36,11.03]],"id":49546922}],"con":true,"img":false}]}
{"op":"mcm","clk":"11450606552","pt":1717323769427,"mc":[{"id":"1.229554929","rc":[{"atl":[[2.36,0],[2.4,10.71]],"id":49546922}],"con":true,"img":false}]}
{"op":"mcm","clk":"11450614327","pt":1717323847894,"mc":[{"id":"1.229554929","rc":[{"atb":[[2,0],[1.9,0]],"id":47148562},{"atb":[[1.6,0],[1.7,0]],"id":49546922}],"con":true,"img":false}]}
{"op":"mcm","clk":"11450614343","pt":1717323847995,"mc":[{"id":"1.229554929","rc":[{"atb":[[1.58,0],[1.47,115.71]],"id":47148562}],"con":true,"img":false}]}
{"op":"mcm","clk":"11450614920","pt":1717323853097,"mc":[{"id":"1.229554929","rc":[{"atb":[[1.45,190.76],[1.47,42.55]],"id":47148562}],"con":true,"img":false}]}
{"op":"mcm","clk":"11450615052","pt":1717323854190,"mc":[{"id":"1.229554929","rc":[{"atb":[[1.51,29.41]],"id":47148562},{"atl":[[4.1,22.22],[3.4,0]],"id":47148562},{"atl":[[3.2,35.22],[2.62,0]],"id":49546922}],"con":true,"img":false}]}
{"op":"mcm","clk":"11450616149","pt":1717323863247,"mc":[{"id":"1.229554929","rc":[{"atb":[[2,7.84],[1.9,8.72]],"id":47148562},{"atb":[[1.6,13.07],[1.7,11.21]],"id":49546922}],"con":true,"img":false}]}
{"op":"mcm","clk":"11450616290","pt":1717323864303,"mc":[{"id":"1.229554929","rc":[{"atb":[[1.45,44.44],[1.58,30.61]],"id":47148562}],"con":true,"img":false}]}
{"op":"mcm","clk":"11450616438","pt":1717323865393,"mc":[{"id":"1.229554929","rc":[{"atl":[[4.1,0],[3.4,19.63]],"id":47148562},{"atl":[[3.2,0],[2.62,31.5]],"id":49546922}],"con":true,"img":false}]}
{"op":"mcm","clk":"11450622607","pt":1717323926979,"mc":[{"id":"1.229554929","rc":[{"atb":[[1.51,0]],"id":47148562},{"atb":[[1.41,0],[1.42,0]],"id":49546922}],"con":true,"img":false}]}
{"op":"mcm","clk":"11450623311","pt":1717323934011,"mc":[{"id":"1.229554929","rc":[{"atl":[[2.4,0],[2.38,10.87]],"id":49546922}],"con":true,"img":false}]}
{"op":"mcm","clk":"11450623408","pt":1717323935102,"mc":[{"id":"1.229554929","rc":[{"atl":[[2.4,10.71],[2.38,0]],"id":49546922}],"con":true,"img":false}]}
{"op":"mcm","clk":"11450623446","pt":1717323935615,"mc":[{"id":"1.229554929","rc":[{"atl":[[2.4,0],[2.38,10.87]],"id":49546922}],"con":true,"img":false}]}
{"op":"mcm","clk":"11450623687","pt":1717323938217,"mc":[{"id":"1.229554929","rc":[{"atl":[[2.4,10.71],[2.38,0]],"id":49546922}],"con":true,"img":false}]}
{"op":"mcm","clk":"11450623705","pt":1717323938385,"mc":[{"id":"1.229554929","rc":[{"atl":[[2.4,0],[2.38,10.87]],"id":49546922}],"con":true,"img":false}]}
{"op":"mcm","clk":"11450623723","pt":1717323938498,"mc":[{"id":"1.229554929","rc":[{"atl":[[2.4,10.71]],"id":49546922}],"con":true,"img":false}]}
{"op":"mcm","clk":"11450623727","pt":1717323938599,"mc":[{"id":"1.229554929","rc":[{"atl":[[2.38,0]],"id":49546922}],"con":true,"img":false}]}
{"op":"mcm","clk":"11450623738","pt":1717323938714,"mc":[{"id":"1.229554929","rc":[{"atl":[[2.38,10.87]],"id":49546922}],"con":true,"img":false}]}
{"op":"mcm","clk":"11450623749","pt":1717323938814,"mc":[{"id":"1.229554929","rc":[{"atl":[[2.4,0]],"id":49546922}],"con":true,"img":false}]}
{"op":"mcm","clk":"11450623795","pt":1717323939324,"mc":[{"id":"1.229554929","rc":[{"atl":[[2.4,10.71],[2.38,0]],"id":49546922}],"con":true,"img":false}]}
{"op":"mcm","clk":"11450623869","pt":1717323940106,"mc":[{"id":"1.229554929","rc":[{"atl":[[2.4,0],[2.38,10.87]],"id":49546922}],"con":true,"img":false}]}
{"op":"mcm","clk":"11450623949","pt":1717323940935,"mc":[{"id":"1.229554929","rc":[{"atb":[[2.02,2],[1.63,30.61],[1.58,0]],"id":47148562},{"atl":[[2.5,2]],"id":47148562},{"atb":[[1.67,2]],"id":49546922},{"atl":[[2.3,2],[2.5,31.5],[2.62,0]],"id":49546922}],"con":true,"img":false}]}
{"op":"mcm","clk":"11450623970","pt":1717323941110,"mc":[{"id":"1.229554929","rc":[{"atb":[[1.37,135.14],[1.32,0]],"id":49546922}],"con":true,"img":false}]}
{"op":"mcm","clk":"11450624011","pt":1717323941511,"mc":[{"id":"1.229554929","rc":[{"atl":[[2.4,10.71],[2.38,0]],"id":49546922}],"con":true,"img":false}]}
{"op":"mcm","clk":"11450624469","pt":1717323946030,"mc":[{"id":"1.229554929","rc":[{"atl":[[2.3,0],[2.28,2]],"id":49546922}],"con":true,"img":false}]}
{"op":"mcm","clk":"11450624504","pt":1717323946301,"mc":[{"id":"1.229554929","rc":[{"atl":[[2.9,7.89]],"id":47148562},{"atl":[[2.4,0],[2.38,10.87]],"id":49546922}],"con":true,"img":false}]}
{"op":"mcm","clk":"11450624515","pt":1717323946401,"mc":[{"id":"1.229554929","rc":[{"atl":[[2.54,2],[2.5,0],[2.76,0]],"id":47148562},{"atb":[[1.67,0],[1.62,2]],"id":49546922}],"con":true,"img":false}]}
{"op":"mcm","clk":"11450624524","pt":1717323946508,"mc":[{"id":"1.229554929","rc":[{"atl":[[2.86,8.06]],"id":47148562}],"con":true,"img":false}]}
{"op":"mcm","clk":"11450624534","pt":1717323946608,"mc":[{"id":"1.229554929","rc":[{"atl":[[2.8,0]],"id":47148562}],"con":true,"img":false}]}
{"op":"mcm","clk":"11450624621","pt":1717323947795,"mc":[{"id":"1.229554929","rc":[{"atl":[[2.84,0]],"id":47148562},{"atl":[[2.4,10.71],[2.38,0]],"id":49546922}],"con":true,"img":false}]}
{"op":"mcm","clk":"11450624797","pt":1717323950039,"mc":[{"id":"1.229554929","rc":[{"atl":[[2.4,0],[2.38,10.87]],"id":49546922}],"con":true,"img":false}]}
{"op":"mcm","clk":"11450624844","pt":1717323950611,"mc":[{"id":"1.229554929","rc":[{"atl":[[2.4,10.71]],"id":49546922}],"con":true,"img":false}]}
{"op":"mcm","clk":"11450624850","pt":1717323950716,"mc":[{"id":"1.229554929","rc":[{"atl":[[2.38,0]],"id":49546922}],"con":true,"img":false}]}
{"op":"mcm","clk":"11450624897","pt":1717323951188,"mc":[{"id":"1.229554929","rc":[{"atb":[[1.63,0],[1.75,30.61]],"id":47148562},{"atl":[[2.5,0],[2.42,35.22]],"id":49546922}],"con":true,"img":false}]}
{"op":"mcm","clk":"11450624924","pt":1717323951501,"mc":[{"id":"1.229554929","rc":[{"atl":[[2.52,2]],"id":47148562}],"con":true,"img":false}]}
{"op":"mcm","clk":"11450624937","pt":1717323951607,"mc":[{"id":"1.229554929","rc":[{"atl":[[2.54,0]],"id":47148562}],"con":true,"img":false}]}
{"op":"mcm","clk":"11450625058","pt":1717323953012,"mc":[{"id":"1.229554929","rc":[{"atl":[[2.38,10.87]],"id":49546922}],"con":true,"img":false}]}
{"op":"mcm","clk":"11450625069","pt":1717323953109,"mc":[{"id":"1.229554929","rc":[{"atl":[[2.4,0]],"id":49546922}],"con":true,"img":false}]}
{"op":"mcm","clk":"11450625346","pt":1717323956535,"mc":[{"id":"1.229554929","rc":[{"atl":[[2.9,10.53]],"id":47148562}],"con":true,"img":false}]}
{"op":"mcm","clk":"11450625691","pt":1717323960535,"mc":[{"id":"1.229554929","rc":[{"atl":[[2.4,10.71],[2.38,0]],"id":49546922}],"con":true,"img":false}]}
{"op":"mcm","clk":"11450626156","pt":1717323966524,"mc":[{"id":"1.229554929","rc":[{"atl":[[2.94,12.89]],"id":47148562}],"con":true,"img":false}]}
{"op":"mcm","clk":"11450626520","pt":1717323970432,"mc":[{"id":"1.229554929","rc":[{"atl":[[2.4,0],[2.38,10.87]],"id":49546922}],"con":true,"img":false}]}
{"op":"mcm","clk":"11450626665","pt":1717323971740,"mc":[{"id":"1.229554929","rc":[{"atb":[[2,0],[1.9,0]],"id":47148562},{"atb":[[1.6,0],[1.7,0]],"id":49546922}],"con":true,"img":false}]}
{"op":"mcm","clk":"11450626672","pt":1717323971848,"mc":[{"id":"1.229554929","rc":[{"atb":[[2.02,0],[1.49,73.16],[1.75,0],[1.76,2]],"id":47148562},{"atb":[[1.63,2],[1.62,0]],"id":49546922}],"con":true,"img":false}]}
{"op":"mcm","clk":"11450626683","pt":1717323971952,"mc":[{"id":"1.229554929","rc":[{"atb":[[1.49,30.61],[1.75,30.61]],"id":47148562},{"atb":[[1.35,102.56]],"id":49546922}],"con":true,"img":false}]}
{"op":"mcm","clk":"11450626694","pt":1717323972061,"mc":[{"id":"1.229554929","rc":[{"atb":[[1.49,73.16],[1.75,0]],"id":47148562},{"atb":[[1.37,67.57]],"id":49546922}],"con":true,"img":false}]}
{"op":"mcm","clk":"11450626772","pt":1717323972850,"mc":[{"id":"1.229554929","rc":[{"atb":[[1.43,34.88]],"id":49546922},{"atl":[[2.4,10.71]],"id":49546922}],"con":true,"img":false}]}
{"op":"mcm","clk":"11450626792","pt":1717323972955,"mc":[{"id":"1.229554929","rc":[{"atl":[[2.38,0]],"id":49546922}],"con":true,"img":false}]}
{"op":"mcm","clk":"11450626852","pt":1717323973648,"mc":[{"id":"1.229554929","rc":[{"atb":[[1.77,2]],"id":47148562}],"con":true,"img":false}]}
{"op":"mcm","clk":"11450626863","pt":1717323973752,"mc":[{"id":"1.229554929","rc":[{"atb":[[1.49,30.61],[1.75,44.44],[1.76,0]],"id":47148562},{"atl":[[2.28,0],[2.26,2]],"id":49546922}],"con":true,"img":false}]}
{"op":"mcm","clk":"11450626951","pt":1717323974543,"mc":[{"id":"1.229554929","rc":[{"atb":[[1.77,0],[1.76,2]],"id":47148562},{"atl":[[2.28,2],[2.26,0]],"id":49546922}],"con":true,"img":false}]}
{"op":"mcm","clk":"11450627024","pt":1717323975432,"mc":[{"id":"1.229554929","rc":[{"atb":[[1.41,36.59],[1.43,0]],"id":49546922},{"atl":[[2.4,0],[2.42,28.17]],"id":49546922}],"con":true,"img":false}]}
{"op":"mcm","clk":"11450627074","pt":1717323975847,"mc":[{"id":"1.229554929","rc":[{"atl":[[2.38,10.87]],"id":49546922}],"con":true,"img":false}]}
{"op":"mcm","clk":"11450627150","pt":1717323976532,"mc":[{"id":"1.229554929","rc":[{"atb":[[1.45,100]],"id":47148562}],"con":true,"img":false}]}
{"op":"mcm","clk":"11450627161","pt":1717323976636,"mc":[{"id":"1.229554929","rc":[{"atb":[[1.45,55.56]],"id":47148562}],"con":true,"img":false}]}
{"op":"mcm","clk":"11450627171","pt":1717323976743,"mc":[{"id":"1.229554929","rc":[{"atb":[[1.49,77.05],[1.75,0]],"id":47148562}],"con":true,"img":false}]}
{"op":"mcm","clk":"11450627251","pt":1717323977725,"mc":[{"id":"1.229554929","rc":[{"atl":[[2.4,10.71],[2.38,0]],"id":49546922}],"con":true,"img":false}]}
{"op":"mcm","clk":"11450627370","pt":1717323978876,"mc":[{"id":"1.229554929","rc":[{"atb":[[1.5,30]],"id":47148562},{"atb":[[1.42,35.71]],"id":49546922}],"con":true,"img":false}]}
{"op":"mcm","clk":"11450627447","pt":1717323979658,"mc":[{"id":"1.229554929","rc":[{"atb":[[1.75,2],[1.76,0]],"id":47148562},{"atl":[[2.3,2],[2.28,0]],"id":49546922}],"con":true,"img":false}]}
{"op":"mcm","clk":"11450627461","pt":1717323979763,"mc":[{"id":"1.229554929","rc":[{"atb":[[1.75,32]],"id":47148562}],"con":true,"img":false}]}
{"op":"mcm","clk":"11450627470","pt":1717323979871,"mc":[{"id":"1.229554929","rc":[{"atb":[[1.49,30.61]],"id":47148562}],"con":true,"img":false}]}
{"op":"mcm","clk":"11450627479","pt":1717323979974,"mc":[{"id":"1.229554929","rc":[{"atb":[[1.49,92.61]],"id":47148562}],"con":true,"img":false}]}
{"op":"mcm","clk":"11450627492","pt":1717323980071,"mc":[{"id":"1.229554929","rc":[{"atb":[[1.75,2]],"id":47148562}],"con":true,"img":false}]}
{"op":"mcm","clk":"11450627552","pt":1717323980962,"mc":[{"id":"1.229554929","rc":[{"atb":[[2,7.84],[1.9,8.72]],"id":47148562},{"atb":[[1.6,13.07],[1.7,11.21]],"id":49546922}],"con":true,"img":false}]}
{"op":"mcm","clk":"11450627565","pt":1717323981077,"mc":[{"id":"1.229554929","rc":[{"atb":[[2.02,2],[1.49,30.61],[1.75,30]],"id":47148562}],"con":true,"img":false}]}
{"op":"mcm","clk":"11450627570","pt":1717323981176,"mc":[{"id":"1.229554929","rc":[{"atl":[[2.54,2],[2.52,0]],"id":47148562},{"atl":[[2.4,0],[2.32,11.36]],"id":49546922}],"con":true,"img":false}]}
{"op":"mcm","clk":"11450627888","pt":1717323984578,"mc":[{"id":"1.229554929","rc":[{"atl":[[2.56,2],[2.54,0]],"id":47148562}],"con":true,"img":false}]}
{"op":"mcm","clk":"11450627920","pt":1717323984943,"mc":[{"id":"1.229554929","rc":[{"atb":[[1.5,0],[1.49,0]],"id":47148562},{"atb":[[1.41,0],[1.42,0]],"id":49546922},{"atl":[[2.32,0],[2.38,10.87],[2.34,11.19]],"id":49546922}],"con":true,"img":false}]}
{"op":"mcm","clk":"11450628456","pt":1717323991492,"mc":[{"id":"1.229554929","rc":[{"atl":[[2.44,0],[2.34,0]],"id":49546922}],"con":true,"img":false}]}
{"op":"mcm","clk":"11450628571","pt":1717323992587,"mc":[{"id":"1.229554929","rc":[{"atl":[[2.32,11.36],[2.34,11.19]],"id":49546922}],"con":true,"img":false}]}
{"op":"mcm","clk":"11450628738","pt":1717323994161,"mc":[{"id":"1.229554929","rc":[{"atl":[[2.28,2]],"id":49546922}],"con":true,"img":false}]}
{"op":"mcm","clk":"11450628743","pt":1717323994266,"mc":[{"id":"1.229554929","rc":[{"atl":[[2.3,0],[2.32,0],[2.34,0]],"id":49546922}],"con":true,"img":false}]}
{"op":"mcm","clk":"11450628966","pt":1717323996772,"mc":[{"id":"1.229554929","rc":[{"atl":[[2.3,2]],"id":49546922}],"con":true,"img":false}]}
{"op":"mcm","clk":"11450628975","pt":1717323996866,"mc":[{"id":"1.229554929","rc":[{"atl":[[2.28,0]],"id":49546922}],"con":true,"img":false}]}
{"op":"mcm","clk":"11450629226","pt":1717323999813,"mc":[{"id":"1.229554929","rc":[{"atb":[[2,0],[1.9,0]],"id":47148562},{"atl":[[2.52,2]],"id":47148562},{"atb":[[1.6,0],[1.7,0]],"id":49546922}],"con":true,"img":false}]}
{"op":"mcm","clk":"11450629233","pt":1717323999870,"mc":[{"id":"1.229554929","rc":[{"atl":[[2.56,0]],"id":47148562}],"con":true,"img":false}]}
{"op":"mcm","clk":"11450629242","pt":1717323999977,"mc":[{"id":"1.229554929","rc":[{"atb":[[2.02,0],[1.74,2],[1.5,30],[1.75,0],[1.47,85.1]],"id":47148562},{"atb":[[1.42,35.71]],"id":49546922}],"con":true,"img":false}]}
{"op":"mcm","clk":"11450629735","pt":1717324004825,"mc":[{"id":"1.229554929","rc":[{"atb":[[1.98,8],[1.88,8.92]],"id":47148562},{"atb":[[1.72,10.89],[1.62,12.65]],"id":49546922}],"con":true,"img":false}]}
{"op":"mcm","clk":"11450629753","pt":1717324004977,"mc":[{"id":"1.229554929","rc":[{"atl":[[2.56,2],[2.52,0]],"id":47148562}],"con":true,"img":false}]}
{"op":"mcm","clk":"11450629763","pt":1717324005080,"mc":[{"id":"1.229554929","rc":[{"atb":[[1.99,2],[1.74,0]],"id":47148562}],"con":true,"img":false}]}
{"op":"mcm","clk":"11450630014","pt":1717324007998,"mc":[{"id":"1.229554929","rc":[{"atl":[[2.32,2]],"id":49546922}],"con":true,"img":false}]}
{"op":"mcm","clk":"11450630026","pt":1717324008104,"mc":[{"id":"1.229554929","rc":[{"atl":[[2.3,0]],"id":49546922}],"con":true,"img":false}]}
{"op":"mcm","clk":"11450630175","pt":1717324009718,"mc":[{"id":"1.229554929","rc":[{"atb":[[1.75,55.56]],"id":47148562}],"con":true,"img":false}]}
{"op":"mcm","clk":"11450630182","pt":1717324009818,"mc":[{"id":"1.229554929","rc":[{"atb":[[1.47,42.55]],"id":47148562}],"con":true,"img":false}]}
{"op":"mcm","clk":"11450630199","pt":1717324009979,"mc":[{"id":"1.229554929","rc":[{"atl":[[2.42,42.25]],"id":49546922}],"con":true,"img":false}]}
{"op":"mcm","clk":"11450630205","pt":1717324010089,"mc":[{"id":"1.229554929","rc":[{"atl":[[2.42,31.69]],"id":49546922}],"con":true,"img":false}]}
{"op":"mcm","clk":"11450630471","pt":1717324013112,"mc":[{"id":"1.229554929","rc":[{"atl":[[2.32,0],[2.28,2]],"id":49546922}],"con":true,"img":false}]}
{"op":"mcm","clk":"11450630898","pt":1717324018220,"mc":[{"id":"1.229554929","rc":[{"atl":[[2.3,2],[2.28,0]],"id":49546922}],"con":true,"img":false}]}
{"op":"mcm","clk":"11450630999","pt":1717324019534,"mc":[{"id":"1.229554929","rc":[{"atl":[[2.3,0],[2.28,2]],"id":49546922}],"con":true,"img":false}]}
{"op":"mcm","clk":"11450631033","pt":1717324020006,"mc":[{"id":"1.229554929","rc":[{"atl":[[2.46,17.12]],"id":49546922}],"con":true,"img":false}]}
{"op":"mcm","clk":"11450631966","pt":1717324030049,"mc":[{"id":"1.229554929","rc":[{"atl":[[2.5,20]],"id":49546922}],"con":true,"img":false}]}
{"op":"mcm","clk":"11450632500","pt":1717324037156,"mc":[{"id":"1.229554929","rc":[{"atl":[[2.24,2],[2.28,0]],"id":49546922}],"con":true,"img":false}]}
{"op":"mcm","clk":"11450632927","pt":1717324042249,"mc":[{"id":"1.229554929","rc":[{"atl":[[2.24,0],[2.26,2]],"id":49546922}],"con":true,"img":false}]}
{"op":"mcm","clk":"11450633392","pt":1717324047367,"mc":[{"id":"1.229554929","rc":[{"atl":[[2.24,2],[2.26,0]],"id":49546922}],"con":true,"img":false}]}
{"op":"mcm","clk":"11450633989","pt":1717324054042,"mc":[{"id":"1.229554929","rc":[{"atl":[[2.24,0],[2.26,2]],"id":49546922}],"con":true,"img":false}]}
{"op":"mcm","clk":"11450634243","pt":1717324056995,"mc":[{"id":"1.229554929","rc":[{"atl":[[2.24,2],[2.26,0]],"id":49546922}],"con":true,"img":false}]}
{"op":"mcm","clk":"11450634694","pt":1717324062495,"mc":[{"id":"1.229554929","rc":[{"atl":[[2.24,0],[2.26,2]],"id":49546922}],"con":true,"img":false}]}
{"op":"mcm","clk":"11450635027","pt":1717324066154,"mc":[{"id":"1.229554929","rc":[{"atl":[[2.24,2]],"id":49546922}],"con":true,"img":false}]}
{"op":"mcm","clk":"11450635038","pt":1717324066253,"mc":[{"id":"1.229554929","rc":[{"atl":[[2.26,0]],"id":49546922}],"con":true,"img":false}]}
{"op":"mcm","clk":"11450635066","pt":1717324066519,"mc":[{"id":"1.229554929","rc":[{"atl":[[2.54,34.24],[2.42,14.08]],"id":49546922}],"con":true,"img":false}]}
{"op":"mcm","clk":"11450635149","pt":1717324067353,"mc":[{"id":"1.229554929","rc":[{"atl":[[2.56,0],[2.54,2]],"id":47148562}],"con":true,"img":false}]}
{"op":"mcm","clk":"11450635584","pt":1717324071934,"mc":[{"id":"1.229554929","rc":[{"atl":[[2.24,0],[2.26,2]],"id":49546922}],"con":true,"img":false}]}
{"op":"mcm","clk":"11450635874","pt":1717324075243,"mc":[{"id":"1.229554929","rc":[{"atl":[[2.56,2],[2.54,0]],"id":47148562}],"con":true,"img":false}]}
{"op":"mcm","clk":"11450636031","pt":1717324077061,"mc":[{"id":"1.229554929","rc":[{"atl":[[2.24,2],[2.26,0]],"id":49546922}],"con":true,"img":false}]}
{"op":"mcm","clk":"11450636455","pt":1717324082165,"mc":[{"id":"1.229554929","rc":[{"atl":[[2.24,0],[2.26,2]],"id":49546922}],"con":true,"img":false}]}
{"op":"mcm","clk":"11450636572","pt":1717324083258,"mc":[{"id":"1.229554929","rc":[{"atl":[[2.24,2],[2.26,0]],"id":49546922}],"con":true,"img":false}]}
{"op":"mcm","clk":"11450636603","pt":1717324083568,"mc":[{"id":"1.229554929","rc":[{"atb":[[1.99,0]],"id":47148562},{"atl":[[2.56,0]],"id":47148562},{"atb":[[1.63,0]],"id":49546922},{"atl":[[2.24,0]],"id":49546922}],"con":true,"img":false}]}
{"op":"mcm","clk":"11450636655","pt":1717324084049,"mc":[{"id":"1.229554929","rc":[{"atb":[[1.62,42.55],[1.75,0]],"id":47148562},{"atb":[[1.28,86.99]],"id":49546922}],"con":true,"img":false}]}
{"op":"mcm","clk":"11450636664","pt":1717324084148,"mc":[{"id":"1.229554929","rc":[{"atb":[[1.35,0]],"id":49546922}],"con":true,"img":false}]}
{"op":"mcm","clk":"11450636998","pt":1717324088149,"mc":[{"id":"1.229554929","rc":[{"atb":[[1.98,0],[1.88,0]],"id":47148562},{"atb":[[1.72,0],[1.62,0]],"id":49546922}],"con":true,"img":false}]}
{"op":"mcm","clk":"11450637007","pt":1717324088252,"mc":[{"id":"1.229554929","rc":[{"atb":[[1.62,0],[1.47,115.1]],"id":47148562}],"con":true,"img":false}]}
{"op":"mcm","clk":"11450637017","pt":1717324088352,"mc":[{"id":"1.229554929","rc":[{"atb":[[1.45,200.66]],"id":47148562}],"con":true,"img":false}]}
{"op":"mcm","clk":"11450637026","pt":1717324088460,"mc":[{"id":"1.229554929","rc":[{"atb":[[1.47,42.55]],"id":47148562}],"con":true,"img":false}]}
{"op":"mcm","clk":"11450637186","pt":1717324090379,"mc":[{"id":"1.229554929","rc":[{"atl":[[3.4,0],[4.2,25.78]],"id":47148562},{"atl":[[2.54,0],[3.05,34.24]],"id":49546922}],"con":true,"img":false}]}
{"op":"mcm","clk":"11450637494","pt":1717324093977,"mc":[{"id":"1.229554929","rc":[{"atb":[[1.98,8],[1.88,8.92]],"id":47148562},{"atb":[[1.72,10.89],[1.62,12.65]],"id":49546922}],"con":true,"img":false}]}
{"op":"mcm","clk":"11450637502","pt":1717324094082,"mc":[{"id":"1.229554929","rc":[{"atl":[[3.45,23.42],[4.2,0]],"id":47148562},{"atl":[[2.54,31.2],[3.05,0]],"id":49546922}],"con":true,"img":false}]}
{"op":"mcm","clk":"11450637772","pt":1717324097156,"mc":[{"id":"1.229554929","rc":[{"atb":[[1.62,42.55]],"id":47148562}],"con":true,"img":false}]}
{"op":"mcm","clk":"11450637781","pt":1717324097259,"mc":[{"id":"1.229554929","rc":[{"atb":[[1.45,55.56]],"id":47148562}],"con":true,"img":false}]}
{"op":"mcm","clk":"11450647675","pt":1717324201634,"mc":[{"id":"1.229554929","rc":[{"atb":[[1.98,0],[1.88,0]],"id":47148562},{"atb":[[1.72,0],[1.62,0]],"id":49546922}],"con":true,"img":false}]}
{"op":"mcm","clk":"11450647704","pt":1717324201829,"mc":[{"id":"1.229554929","rc":[{"atb":[[1.62,0],[1.47,115.1]],"id":47148562}],"con":true,"img":false}]}
{"op":"mcm","clk":"11450647863","pt":1717324202941,"mc":[{"id":"1.229554929","rc":[{"atl":[[3.45,0],[4.2,25.78]],"id":47148562},{"atl":[[2.54,0],[3.05,34.24]],"id":49546922}],"con":true,"img":false}]}
{"op":"mcm","clk":"11450647876","pt":1717324203036,"mc":[{"id":"1.229554929","rc":[{"atb":[[1.45,200.66],[1.47,42.55]],"id":47148562}],"con":true,"img":false}]}
{"op":"mcm","clk":"11450648483","pt":1717324208859,"mc":[{"id":"1.229554929","rc":[{"atb":[[1.98,8],[1.88,8.92]],"id":47148562},{"atb":[[1.72,10.89],[1.62,12.65]],"id":49546922}],"con":true,"img":false}]}
{"op":"mcm","clk":"11450648662","pt":1717324210759,"mc":[{"id":"1.229554929","rc":[{"atb":[[1.45,55.56],[1.62,42.55]],"id":47148562}],"con":true,"img":false}]}
{"op":"mcm","clk":"11450649190","pt":1717324216201,"mc":[{"id":"1.229554929","rc":[{"atl":[[3.45,23.42],[4.2,0]],"id":47148562},{"atl":[[2.54,31.2],[3.05,0]],"id":49546922}],"con":true,"img":false}]}
{"op":"mcm","clk":"11450654448","pt":1717324266117,"mc":[{"id":"1.229554929","rc":[{"atb":[[1.99,2],[1.62,0],[1.52,42.55]],"id":47148562},{"atl":[[2.56,2],[3.45,0],[2.86,0],[2.58,9.49],[3.3,23.42]],"id":47148562},{"atb":[[1.63,2]],"id":49546922},{"atl":[[2.54,0],[2.26,2],[2.68,34.24]],"id":49546922}],"con":true,"img":false}]}
{"op":"mcm","clk":"11450654461","pt":1717324266270,"mc":[{"id":"1.229554929","rc":[{"atl":[[2.88,0],[2.94,0]],"id":47148562},{"atb":[[1.28,0],[1.4,67.57]],"id":49546922},{"atl":[[2.3,2],[2.26,0]],"id":49546922}],"con":true,"img":false}]}
{"op":"mcm","clk":"11450654620","pt":1717324268001,"mc":[{"id":"1.229554929","rc":[{"atl":[[2.3,0],[2.32,2]],"id":49546922}],"con":true,"img":false}]}
{"op":"mcm","clk":"11450654985","pt":1717324271294,"mc":[{"id":"1.229554929","rc":[{"atl":[[2.56,0],[2.48,2]],"id":47148562}],"con":true,"img":false}]}
{"op":"mcm","clk":"11450655176","pt":1717324273173,"mc":[{"id":"1.229554929","rc":[{"atb":[[1.72,42.55],[1.52,0]],"id":47148562},{"atl":[[2.92,18.98],[3.3,0]],"id":47148562},{"atl":[[2.42,31.2],[2.68,0]],"id":49546922}],"con":true,"img":false}]}
{"op":"mcm","clk":"11450655302","pt":1717324274162,"mc":[{"id":"1.229554929","rc":[{"atl":[[2.32,0],[2.34,2]],"id":49546922}],"con":true,"img":false}]}
{"op":"mcm","clk":"11450655592","pt":1717324276983,"mc":[{"id":"1.229554929","rc":[{"atl":[[2.62,12.35]],"id":47148562}],"con":true,"img":false}]}
{"op":"mcm","clk":"11450655910","pt":1717324280211,"mc":[{"id":"1.229554929","rc":[{"atl":[[2.42,14.08],[2.38,27.99]],"id":49546922}],"con":true,"img":false}]}
{"op":"mcm","clk":"11450656366","pt":1717324284603,"mc":[{"id":"1.229554929","rc":[{"atl":[[2.32,2],[2.34,0]],"id":49546922}],"con":true,"img":false}]}
{"op":"mcm","clk":"11450656440","pt":1717324285430,"mc":[{"id":"1.229554929","rc":[{"atl":[[2.42,44.07],[2.38,10.87]],"id":49546922}],"con":true,"img":false}]}
{"op":"mcm","clk":"11450656654","pt":1717324287716,"mc":[{"id":"1.229554929","rc":[{"atl":[[2.66,15.06]],"id":47148562}],"con":true,"img":false}]}
{"op":"mcm","clk":"11450657760","pt":1717324298226,"mc":[{"id":"1.229554929","rc":[{"atl":[[2.7,17.65]],"id":47148562}],"con":true,"img":false}]}
{"op":"mcm","clk":"11450657889","pt":1717324299433,"mc":[{"id":"1.229554929","rc":[{"atl":[[2.9,0]],"id":47148562}],"con":true,"img":false}]}
{"op":"mcm","clk":"11450657925","pt":1717324299741,"mc":[{"id":"1.229554929","rc":[{"atl":[[2.6,9.38],[2.58,0]],"id":47148562}],"con":true,"img":false}]}
{"op":"mcm","clk":"11450658256","pt":1717324302765,"mc":[{"id":"1.229554929","rc":[{"atb":[[1.98,0],[1.88,0]],"id":47148562},{"atb":[[1.72,0],[1.62,0]],"id":49546922}],"con":true,"img":false}]}
{"op":"mcm","clk":"11450658264","pt":1717324302819,"mc":[{"id":"1.229554929","rc":[{"atb":[[1.73,2]],"id":47148562}],"con":true,"img":false}]}
{"op":"mcm","clk":"11450658273","pt":1717324302921,"mc":[{"id":"1.229554929","rc":[{"atb":[[1.72,0],[1.99,0],[1.5,74.55]],"id":47148562}],"con":true,"img":false}]}
{"op":"mcm","clk":"11450658285","pt":1717324303026,"mc":[{"id":"1.229554929","rc":[{"atb":[[1.72,42.55],[1.5,30]],"id":47148562}],"con":true,"img":false}]}
{"op":"mcm","clk":"11450658299","pt":1717324303135,"mc":[{"id":"1.229554929","rc":[{"atb":[[1.73,0],[1.72,0],[1.74,2],[1.5,74.55]],"id":47148562}],"con":true,"img":false}]}
{"op":"mcm","clk":"11450658323","pt":1717324303344,"mc":[{"id":"1.229554929","rc":[{"atb":[[1.73,2],[1.72,42.55],[1.74,0],[1.5,30]],"id":47148562}],"con":true,"img":false}]}
{"op":"mcm","clk":"11450658646","pt":1717324306020,"mc":[{"id":"1.229554929","rc":[{"atl":[[2.42,40.55],[2.38,0]],"id":49546922}],"con":true,"img":false}]}
{"op":"mcm","clk":"11450659243","pt":1717324311238,"mc":[{"id":"1.229554929","rc":[{"atb":[[1.73,0],[1.72,44.55]],"id":47148562},{"atl":[[2.36,2],[2.32,0]],"id":49546922}],"con":true,"img":false}]}
{"op":"mcm","clk":"11450659257","pt":1717324311342,"mc":[{"id":"1.229554929","rc":[{"atb":[[1.72,2],[1.5,119.1],[1.51,29.41]],"id":47148562},{"atl":[[2.36,17.12],[2.42,0],[2.44,10.42],[2.34,2]],"id":49546922}],"con":true,"img":false}]}
{"op":"mcm","clk":"11450659271","pt":1717324311442,"mc":[{"id":"1.229554929","rc":[{"atl":[[2.36,0],[2.42,19.12]],"id":49546922}],"con":true,"img":false}]}
{"op":"mcm","clk":"11450659281","pt":1717324311549,"mc":[{"id":"1.229554929","rc":[{"atb":[[1.72,0],[1.71,2]],"id":47148562},{"atl":[[2.36,2],[2.34,0]],"id":49546922}],"con":true,"img":false}]}
{"op":"mcm","clk":"11450659292","pt":1717324311652,"mc":[{"id":"1.229554929","rc":[{"atb":[[1.5,30],[1.71,31.41]],"id":47148562},{"atl":[[2.36,12.42],[2.42,0]],"id":49546922}],"con":true,"img":false}]}
{"op":"mcm","clk":"11450659312","pt":1717324311861,"mc":[{"id":"1.229554929","rc":[{"atb":[[1.5,90.82],[1.71,2]],"id":47148562},{"atl":[[2.36,2],[2.44,35.26]],"id":49546922}],"con":true,"img":false}]}
{"op":"mcm","clk":"11450659336","pt":1717324312023,"mc":[{"id":"1.229554929","rc":[{"atl":[[2.46,54.38],[2.44,10.42]],"id":49546922}],"con":true,"img":false}]}
{"op":"mcm","clk":"11450659471","pt":1717324313275,"mc":[{"id":"1.229554929","rc":[{"atb":[[1.98,8],[1.88,8.92]],"id":47148562},{"atb":[[1.72,10.89],[1.62,12.65]],"id":49546922}],"con":true,"img":false}]}
{"op":"mcm","clk":"11450659483","pt":1717324313381,"mc":[{"id":"1.229554929","rc":[{"atb":[[1.74,29.41]],"id":47148562}],"con":true,"img":false}]}
{"op":"mcm","clk":"11450659493","pt":1717324313440,"mc":[{"id":"1.229554929","rc":[{"atb":[[1.5,30]],"id":47148562}],"con":true,"img":false}]}
{"op":"mcm","clk":"11450659819","pt":1717324316464,"mc":[{"id":"1.229554929","rc":[{"atb":[[1.5,0],[1.51,0]],"id":47148562},{"atb":[[1.42,0]],"id":49546922}],"con":true,"img":false}]}
{"op":"mcm","clk":"11450659831","pt":1717324316568,"mc":[{"id":"1.229554929","rc":[{"atl":[[2.36,13.03]],"id":49546922}],"con":true,"img":false}]}
{"op":"mcm","clk":"11450659838","pt":1717324316672,"mc":[{"id":"1.229554929","rc":[{"atb":[[1.99,2]],"id":47148562}],"con":true,"img":false}]}
{"op":"mcm","clk":"11450659848","pt":1717324316778,"mc":[{"id":"1.229554929","rc":[{"atb":[[1.71,0]],"id":47148562},{"atl":[[2.36,11.03],[2.34,2]],"id":49546922}],"con":true,"img":false}]}
{"op":"mcm","clk":"11450659994","pt":1717324318338,"mc":[{"id":"1.229554929","rc":[{"atl":[[2.5,2],[2.48,0]],"id":47148562}],"con":true,"img":false}]}
{"op":"mcm","clk":"11450660003","pt":1717324318440,"mc":[{"id":"1.229554929","rc":[{"atl":[[2.6,0],[2.62,9.26]],"id":47148562}],"con":true,"img":false}]}
{"op":"mcm","clk":"11450660131","pt":1717324319849,"mc":[{"id":"1.229554929","rc":[{"atl":[[2.36,0],[2.42,10.56]],"id":49546922}],"con":true,"img":false}]}
{"op":"mcm","clk":"11450660141","pt":1717324319954,"mc":[{"id":"1.229554929","rc":[{"atl":[[2.4,10.56],[2.46,17.12]],"id":49546922}],"con":true,"img":false}]}
{"op":"mcm","clk":"11450660152","pt":1717324320056,"mc":[{"id":"1.229554929","rc":[{"atl":[[2.4,0],[2.42,21.12]],"id":49546922}],"con":true,"img":false}]}
{"op":"mcm","clk":"11450660214","pt":1717324320694,"mc":[{"id":"1.229554929","rc":[{"atl":[[2.42,10.56],[2.34,13.19]],"id":49546922}],"con":true,"img":false}]}
{"op":"mcm","clk":"11450660236","pt":1717324320858,"mc":[{"id":"1.229554929","rc":[{"atl":[[2.42,0],[2.44,34.17]],"id":49546922}],"con":true,"img":false}]}
{"op":"mcm","clk":"11450660333","pt":1717324321858,"mc":[{"id":"1.229554929","rc":[{"atl":[[2.22,2],[2.34,11.19]],"id":49546922}],"con":true,"img":false}]}
{"op":"mcm","clk":"11450660342","pt":1717324321958,"mc":[{"id":"1.229554929","rc":[{"atl":[[2.44,10.42],[2.34,28.31]],"id":49546922}],"con":true,"img":false}]}
{"op":"mcm","clk":"11450660448","pt":1717324323055,"mc":[{"id":"1.229554929","rc":[{"atl":[[2.22,0],[2.14,2]],"id":49546922}],"con":true,"img":false}]}
{"op":"mcm","clk":"11450660498","pt":1717324323575,"mc":[{"id":"1.229554929","rc":[{"atl":[[2.56,2],[2.5,0]],"id":47148562}],"con":true,"img":false}]}
{"op":"mcm","clk":"11450660508","pt":1717324323636,"mc":[{"id":"1.229554929","rc":[{"atl":[[2.64,9.15]],"id":47148562}],"con":true,"img":false}]}
{"op":"mcm","clk":"11450660521","pt":1717324323789,"mc":[{"id":"1.229554929","rc":[{"atl":[[2.62,0]],"id":47148562}],"con":true,"img":false}]}
{"op":"mcm","clk":"11450660552","pt":1717324324059,"mc":[{"id":"1.229554929","rc":[{"atl":[[2.14,0],[2.08,2]],"id":49546922}],"con":true,"img":false}]}
{"op":"mcm","clk":"11450660641","pt":1717324324747,"mc":[{"id":"1.229554929","rc":[{"atl":[[2.24,2]],"id":49546922}],"con":true,"img":false}]}
{"op":"mcm","clk":"11450660648","pt":1717324324856,"mc":[{"id":"1.229554929","rc":[{"atl":[[2.08,0]],"id":49546922}],"con":true,"img":false}]}
{"op":"mcm","clk":"11450660671","pt":1717324325062,"mc":[{"id":"1.229554929","rc":[{"atl":[[2.42,10.56],[2.34,17.12]],"id":49546922}],"con":true,"img":false}]}
{"op":"mcm","clk":"11450660691","pt":1717324325268,"mc":[{"id":"1.229554929","rc":[{"atl":[[2.42,0],[2.34,28.31]],"id":49546922}],"con":true,"img":false}]}
{"op":"mcm","clk":"11450660907","pt":1717324327096,"mc":[{"id":"1.229554929","rc":[{"atl":[[2.44,40.73],[2.34,11.19]],"id":49546922}],"con":true,"img":false}]}
{"op":"mcm","clk":"11450660979","pt":1717324327771,"mc":[{"id":"1.229554929","rc":[{"atl":[[2.56,0],[2.58,2]],"id":47148562}],"con":true,"img":false}]}
{"op":"mcm","clk":"11450661035","pt":1717324328393,"mc":[{"id":"1.229554929","rc":[{"atl":[[2.6,2]],"id":47148562}],"con":true,"img":false}]}
{"op":"mcm","clk":"11450661046","pt":1717324328501,"mc":[{"id":"1.229554929","rc":[{"atl":[[2.58,0]],"id":47148562}],"con":true,"img":false}]}
{"op":"mcm","clk":"11450661114","pt":1717324329135,"mc":[{"id":"1.229554929","rc":[{"atl":[[2.64,0],[2.66,9.04]],"id":47148562}],"con":true,"img":false}]}
{"op":"mcm","clk":"11450661208","pt":1717324329913,"mc":[{"id":"1.229554929","rc":[{"atl":[[2.24,0],[2.22,2]],"id":49546922}],"con":true,"img":false}]}
{"op":"mcm","clk":"11450661218","pt":1717324330018,"mc":[{"id":"1.229554929","rc":[{"atl":[[2.44,10.42],[2.34,28.31]],"id":49546922}],"con":true,"img":false}]}
{"op":"mcm","clk":"11450661230","pt":1717324330121,"mc":[{"id":"1.229554929","rc":[{"atl":[[2.44,30.42],[2.34,11.19]],"id":49546922}],"con":true,"img":false}]}
{"op":"mcm","clk":"11450661265","pt":1717324330385,"mc":[{"id":"1.229554929","rc":[{"atl":[[2.6,0],[2.58,2]],"id":47148562}],"con":true,"img":false}]}
{"op":"mcm","clk":"11450661275","pt":1717324330491,"mc":[{"id":"1.229554929","rc":[{"atl":[[2.6,2],[2.58,0]],"id":47148562}],"con":true,"img":false}]}
{"op":"mcm","clk":"11450661318","pt":1717324330906,"mc":[{"id":"1.229554929","rc":[{"atl":[[2.6,0],[2.58,2]],"id":47148562}],"con":true,"img":false}]}
{"op":"mcm","clk":"11450661763","pt":1717324333899,"mc":[{"id":"1.229554929","rc":[{"atl":[[2.6,2],[2.58,0]],"id":47148562}],"con":true,"img":false}]}
{"op":"mcm","clk":"11450661904","pt":1717324334799,"mc":[{"id":"1.229554929","rc":[{"atl":[[2.4,10.71],[2.34,0]],"id":49546922}],"con":true,"img":false}]}
{"op":"mcm","clk":"11450661919","pt":1717324334906,"mc":[{"id":"1.229554929","rc":[{"atl":[[2.38,17.12]],"id":49546922}],"con":true,"img":false}]}
{"op":"mcm","clk":"11450661970","pt":1717324335013,"mc":[{"id":"1.229554929","rc":[{"atl":[[2.44,10.42]],"id":49546922}],"con":true,"img":false}]}
{"op":"mcm","clk":"11450662426","pt":1717324338898,"mc":[{"id":"1.229554929","rc":[{"atl":[[2.7,11.76]],"id":47148562}],"con":true,"img":false}]}
{"op":"mcm","clk":"11450662643","pt":1717324340618,"mc":[{"id":"1.229554929","rc":[{"atl":[[2.6,0],[2.62,2]],"id":47148562}],"con":true,"img":false}]}
{"op":"mcm","clk":"11450662877","pt":1717324342601,"mc":[{"id":"1.229554929","rc":[{"atl":[[2.64,2],[2.62,0]],"id":47148562}],"con":true,"img":false}]}
{"op":"mcm","clk":"11450663189","pt":1717324344792,"mc":[{"id":"1.229554929","rc":[{"atb":[[1.79,42.55],[1.74,0]],"id":47148562},{"atl":[[2.66,0],[2.68,8.93]],"id":47148562}],"con":true,"img":false}]}
{"op":"mcm","clk":"11450663472","pt":1717324347152,"mc":[{"id":"1.229554929","rc":[{"atl":[[2.4,0],[2.42,10.56]],"id":49546922}],"con":true,"img":false}]}
{"op":"mcm","clk":"11450663567","pt":1717324347931,"mc":[{"id":"1.229554929","rc":[{"atl":[[2.4,10.71],[2.42,0]],"id":49546922}],"con":true,"img":false}]}
{"op":"mcm","clk":"11450663605","pt":1717324348301,"mc":[{"id":"1.229554929","rc":[{"atl":[[2.64,0],[2.62,2]],"id":47148562}],"con":true,"img":false}]}
{"op":"mcm","clk":"11450663794","pt":1717324349920,"mc":[{"id":"1.229554929","rc":[{"atl":[[2.66,9.04]],"id":47148562}],"con":true,"img":false}]}
{"op":"mcm","clk":"11450664054","pt":1717324352115,"mc":[{"id":"1.229554929","rc":[{"atl":[[2.4,0],[2.42,10.56]],"id":49546922}],"con":true,"img":false}]}
{"op":"mcm","clk":"11450664074","pt":1717324352325,"mc":[{"id":"1.229554929","rc":[{"atl":[[2.4,10.71],[2.42,0]],"id":49546922}],"con":true,"img":false}]}
{"op":"mcm","clk":"11450664111","pt":1717324352637,"mc":[{"id":"1.229554929","rc":[{"atl":[[2.42,10.56]],"id":49546922}],"con":true,"img":false}]}
{"op":"mcm","clk":"11450664121","pt":1717324352740,"mc":[{"id":"1.229554929","rc":[{"atl":[[2.4,0]],"id":49546922}],"con":true,"img":false}]}
{"op":"mcm","clk":"11450664227","pt":1717324353628,"mc":[{"id":"1.229554929","rc":[{"atl":[[2.6,2],[2.62,0]],"id":47148562}],"con":true,"img":false}]}
{"op":"mcm","clk":"11450664286","pt":1717324354204,"mc":[{"id":"1.229554929","rc":[{"atl":[[2.6,0],[2.66,0],[2.62,2]],"id":47148562}],"con":true,"img":false}]}
{"op":"mcm","clk":"11450664295","pt":1717324354364,"mc":[{"id":"1.229554929","rc":[{"atl":[[2.66,9.04]],"id":47148562}],"con":true,"img":false}]}
{"op":"mcm","clk":"11450664345","pt":1717324354735,"mc":[{"id":"1.229554929","rc":[{"atl":[[2.6,2],[2.62,0]],"id":47148562}],"con":true,"img":false}]}
{"op":"mcm","clk":"11450664410","pt":1717324355314,"mc":[{"id":"1.229554929","rc":[{"atl":[[2.6,0],[2.62,2]],"id":47148562}],"con":true,"img":false}]}
{"op":"mcm","clk":"11450664436","pt":1717324355533,"mc":[{"id":"1.229554929","rc":[{"atl":[[2.6,2],[2.62,0]],"id":47148562}],"con":true,"img":false}]}
{"op":"mcm","clk":"11450664494","pt":1717324356184,"mc":[{"id":"1.229554929","rc":[{"atl":[[2.6,0],[2.58,2]],"id":47148562}],"con":true,"img":false}]}
{"op":"mcm","clk":"11450664624","pt":1717324357445,"mc":[{"id":"1.229554929","rc":[{"atl":[[2.56,2],[2.58,0]],"id":47148562}],"con":true,"img":false}]}
{"op":"mcm","clk":"11450664961","pt":1717324360434,"mc":[{"id":"1.229554929","rc":[{"atb":[[1.9,42.55]],"id":47148562},{"atl":[[3.05,7.32]],"id":47148562},{"atb":[[1.57,2]],"id":49546922}],"con":true,"img":false}]}
{"op":"mcm","clk":"11450664969","pt":1717324360527,"mc":[{"id":"1.229554929","rc":[{"atb":[[1.79,0]],"id":47148562},{"atl":[[2.56,0],[2.66,0]],"id":47148562},{"atb":[[1.63,0]],"id":49546922}],"con":true,"img":false}]}
{"op":"mcm","clk":"11450664979","pt":1717324360630,"mc":[{"id":"1.229554929","rc":[{"atl":[[2.64,2]],"id":47148562}],"con":true,"img":false}]}
{"op":"mcm","clk":"11450664989","pt":1717324360733,"mc":[{"id":"1.229554929","rc":[{"atl":[[2.68,0]],"id":47148562},{"atl":[[2.22,0],[2.18,2]],"id":49546922}],"con":true,"img":false}]}
{"op":"mcm","clk":"11450665011","pt":1717324360944,"mc":[{"id":"1.229554929","rc":[{"atl":[[2.38,0],[2.18,12.56]],"id":49546922}],"con":true,"img":false}]}
{"op":"mcm","clk":"11450665029","pt":1717324361151,"mc":[{"id":"1.229554929","rc":[{"atl":[[2.7,0]],"id":47148562},{"atl":[[2.18,10.56],[2.2,2]],"id":49546922}],"con":true,"img":false}]}
{"op":"mcm","clk":"11450665267","pt":1717324363189,"mc":[{"id":"1.229554929","rc":[{"atl":[[2.18,12.56],[2.2,0]],"id":49546922}],"con":true,"img":false}]}
{"op":"mcm","clk":"11450665512","pt":1717324365333,"mc":[{"id":"1.229554929","rc":[{"atl":[[2.42,0],[2.34,11.19]],"id":49546922}],"con":true,"img":false}]}
{"op":"mcm","clk":"11450665532","pt":1717324365547,"mc":[{"id":"1.229554929","rc":[{"atl":[[2.92,0]],"id":47148562}],"con":true,"img":false}]}
{"op":"mcm","clk":"11450665543","pt":1717324365652,"mc":[{"id":"1.229554929","rc":[{"atl":[[3.05,28.3]],"id":47148562}],"con":true,"img":false}]}
{"op":"mcm","clk":"11450665549","pt":1717324365747,"mc":[{"id":"1.229554929","rc":[{"atl":[[6.2,9.32],[2.64,0],[2.66,2]],"id":47148562}],"con":true,"img":false}]}
{"op":"mcm","clk":"11450665557","pt":1717324365850,"mc":[{"id":"1.229554929","rc":[{"atl":[[3.05,7.32]],"id":47148562}],"con":true,"img":false}]}
{"op":"mcm","clk":"11450665578","pt":1717324366062,"mc":[{"id":"1.229554929","rc":[{"atl":[[2.44,34.17]],"id":49546922}],"con":true,"img":false}]}
{"op":"mcm","clk":"11450665586","pt":1717324366164,"mc":[{"id":"1.229554929","rc":[{"atl":[[2.38,10.87],[2.18,2],[2.34,0]],"id":49546922}],"con":true,"img":false}]}
{"op":"mcm","clk":"11450665957","pt":1717324369823,"mc":[{"id":"1.229554929","rc":[{"atl":[[3.15,9.3]],"id":47148562}],"con":true,"img":false}]}
{"op":"mcm","clk":"11450665972","pt":1717324369927,"mc":[{"id":"1.229554929","rc":[{"atl":[[6.2,0],[3.15,18.62]],"id":47148562}],"con":true,"img":false}]}
{"op":"mcm","clk":"11450666055","pt":1717324370658,"mc":[{"id":"1.229554929","rc":[{"atb":[[1.98,0],[1.88,0]],"id":47148562},{"atb":[[1.72,0],[1.62,0]],"id":49546922}],"con":true,"img":false}]}
{"op":"mcm","clk":"11450666081","pt":1717324370968,"mc":[{"id":"1.229554929","rc":[{"atb":[[1.99,0],[1.84,2],[1.9,0],[1.5,44.55],[1.49,30.61]],"id":47148562},{"atb":[[1.56,2],[1.41,36.59]],"id":49546922}],"con":true,"img":false}]}
{"op":"mcm","clk":"11450666090","pt":1717324371032,"mc":[{"id":"1.229554929","rc":[{"atb":[[1.57,0]],"id":49546922}],"con":true,"img":false}]}
{"op":"mcm","clk":"11450666677","pt":1717324376443,"mc":[{"id":"1.229554929","rc":[{"atb":[[1.57,2]],"id":49546922}],"con":true,"img":false}]}
{"op":"mcm","clk":"11450666685","pt":1717324376545,"mc":[{"id":"1.229554929","rc":[{"atb":[[1.56,0]],"id":49546922}],"con":true,"img":false}]}
{"op":"mcm","clk":"11450666721","pt":1717324376959,"mc":[{"id":"1.229554929","rc":[{"atb":[[1.84,32.61],[1.5,0]],"id":47148562}],"con":true,"img":false}]}
{"op":"mcm","clk":"11450666731","pt":1717324377066,"mc":[{"id":"1.229554929","rc":[{"atb":[[1.84,2],[1.5,65.22]],"id":47148562}],"con":true,"img":false}]}
{"op":"mcm","clk":"11450666787","pt":1717324377642,"mc":[{"id":"1.229554929","rc":[{"atb":[[1.85,2]],"id":47148562}],"con":true,"img":false}]}
{"op":"mcm","clk":"11450666802","pt":1717324377799,"mc":[{"id":"1.229554929","rc":[{"atb":[[1.84,0]],"id":47148562}],"con":true,"img":false}]}
{"op":"mcm","clk":"11450667028","pt":1717324379970,"mc":[{"id":"1.229554929","rc":[{"atl":[[2.18,0],[2.2,2]],"id":49546922}],"con":true,"img":false}]}
{"op":"mcm","clk":"11450667039","pt":1717324380073,"mc":[{"id":"1.229554929","rc":[{"atl":[[2.38,27.99],[2.44,10.42]],"id":49546922}],"con":true,"img":false}]}
{"op":"mcm","clk":"11450667049","pt":1717324380175,"mc":[{"id":"1.229554929","rc":[{"atb":[[1.43,69.77]],"id":47148562},{"atl":[[3.25,11.11]],"id":47148562},{"atb":[[1.35,85.71]],"id":49546922}],"con":true,"img":false}]}
{"op":"mcm","clk":"11450667179","pt":1717324381459,"mc":[{"id":"1.229554929","rc":[{"atb":[[1.41,0],[1.43,34.88]],"id":49546922},{"atl":[[2.36,11.03],[2.38,17.12]],"id":49546922}],"con":true,"img":false}]}
{"op":"mcm","clk":"11450667342","pt":1717324382882,"mc":[{"id":"1.229554929","rc":[{"atb":[[1.82,2],[1.85,0]],"id":47148562}],"con":true,"img":false}]}
{"op":"mcm","clk":"11450667538","pt":1717324384561,"mc":[{"id":"1.229554929","rc":[{"atb":[[1.55,2]],"id":49546922}],"con":true,"img":false}]}
{"op":"mcm","clk":"11450667548","pt":1717324384666,"mc":[{"id":"1.229554929","rc":[{"atb":[[1.57,0]],"id":49546922}],"con":true,"img":false}]}
{"op":"mcm","clk":"11450667795","pt":1717324386883,"mc":[{"id":"1.229554929","rc":[{"atl":[[3.1,7.14],[2.66,0],[2.68,2],[3.05,0]],"id":47148562}],"con":true,"img":false}]}
{"op":"mcm","clk":"11450667801","pt":1717324386974,"mc":[{"id":"1.229554929","rc":[{"atl":[[3.1,18.25],[3.15,9.3]],"id":47148562}],"con":true,"img":false}]}
{"op":"mcm","clk":"11450667829","pt":1717324387198,"mc":[{"id":"1.229554929","rc":[{"atb":[[2,7.84],[1.9,8.72]],"id":47148562},{"atb":[[1.6,13.07],[1.7,11.21]],"id":49546922}],"con":true,"img":false}]}
{"op":"mcm","clk":"11450667850","pt":1717324387353,"mc":[{"id":"1.229554929","rc":[{"atb":[[1.5,0],[1.87,30.61]],"id":47148562}],"con":true,"img":false}]}
{"op":"mcm","clk":"11450667923","pt":1717324387978,"mc":[{"id":"1.229554929","rc":[{"atb":[[1.82,0],[2.02,2]],"id":47148562}],"con":true,"img":false}]}
{"op":"mcm","clk":"11450668438","pt":1717324392286,"mc":[{"id":"1.229554929","rc":[{"atl":[[2.68,0],[2.7,2]],"id":47148562}],"con":true,"img":false}]}
{"op":"mcm","clk":"11450668469","pt":1717324392513,"mc":[{"id":"1.229554929","rc":[{"atl":[[3.1,7.14],[3.15,29.55]],"id":47148562}],"con":true,"img":false}]}
{"op":"mcm","clk":"11450668605","pt":1717324393606,"mc":[{"id":"1.229554929","rc":[{"atl":[[2.18,2],[2.2,0]],"id":49546922}],"con":true,"img":false}]}
{"op":"mcm","clk":"11450668849","pt":1717324395748,"mc":[{"id":"1.229554929","rc":[{"atl":[[3.2,9.09]],"id":47148562}],"con":true,"img":false}]}
{"op":"mcm","clk":"11450669072","pt":1717324397799,"mc":[{"id":"1.229554929","rc":[{"atl":[[2.72,2],[2.7,0]],"id":47148562}],"con":true,"img":false}]}
{"op":"mcm","clk":"11450669258","pt":1717324399280,"mc":[{"id":"1.229554929","rc":[{"atb":[[1.49,0]],"id":47148562},{"atb":[[1.43,0]],"id":49546922},{"atl":[[2.36,0],[2.4,10.71]],"id":49546922}],"con":true,"img":false}]}
{"op":"mcm","clk":"11450669364","pt":1717324400079,"mc":[{"id":"1.229554929","rc":[{"atl":[[2.18,0],[2.2,2]],"id":49546922}],"con":true,"img":false}]}
{"op":"mcm","clk":"11450669376","pt":1717324400179,"mc":[{"id":"1.229554929","rc":[{"atl":[[2.38,0],[2.2,12.71]],"id":49546922}],"con":true,"img":false}]}
{"op":"mcm","clk":"11450669692","pt":1717324402909,"mc":[{"id":"1.229554929","rc":[{"atl":[[2.72,0],[2.7,2]],"id":47148562},{"atl":[[2.4,0],[2.38,10.87]],"id":49546922}],"con":true,"img":false}]}
{"op":"mcm","clk":"11450669856","pt":1717324404166,"mc":[{"id":"1.229554929","rc":[{"atl":[[2.4,10.71],[2.38,0]],"id":49546922}],"con":true,"img":false}]}
{"op":"mcm","clk":"11450669994","pt":1717324405305,"mc":[{"id":"1.229554929","rc":[{"atl":[[2.44,33.84]],"id":49546922}],"con":true,"img":false}]}
{"op":"mcm","clk":"11450670002","pt":1717324405412,"mc":[{"id":"1.229554929","rc":[{"atl":[[2.2,2]],"id":49546922}],"con":true,"img":false}]}
{"op":"mcm","clk":"11450670208","pt":1717324407283,"mc":[{"id":"1.229554929","rc":[{"atl":[[2.18,2],[2.2,0]],"id":49546922}],"con":true,"img":false}]}
{"op":"mcm","clk":"11450670627","pt":1717324410903,"mc":[{"id":"1.229554929","rc":[{"atl":[[2.4,0],[2.38,10.87]],"id":49546922}],"con":true,"img":false}]}
{"op":"mcm","clk":"11450671470","pt":1717324418388,"mc":[{"id":"1.229554929","rc":[{"atl":[[2.72,2],[2.7,0]],"id":47148562}],"con":true,"img":false}]}
{"op":"mcm","clk":"11450671662","pt":1717324420026,"mc":[{"id":"1.229554929","rc":[{"atb":[[2,0],[1.9,0]],"id":47148562},{"atb":[[1.6,0],[1.7,0]],"id":49546922}],"con":true,"img":false}]}
{"op":"mcm","clk":"11450671675","pt":1717324420130,"mc":[{"id":"1.229554929","rc":[{"atb":[[2.02,0],[1.84,2],[1.87,0],[1.47,98.11]],"id":47148562}],"con":true,"img":false}]}
{"op":"mcm","clk":"11450671688","pt":1717324420230,"mc":[{"id":"1.229554929","rc":[{"atb":[[1.84,57.56],[1.47,42.55]],"id":47148562}],"con":true,"img":false}]}
{"op":"mcm","clk":"11450671745","pt":1717324420612,"mc":[{"id":"1.229554929","rc":[{"atb":[[1.52,28.85]],"id":47148562},{"atb":[[1.4,105.07]],"id":49546922}],"con":true,"img":false}]}
{"op":"mcm","clk":"11450671790","pt":1717324421037,"mc":[{"id":"1.229554929","rc":[{"atb":[[1.84,55.56],[1.85,2]],"id":47148562}],"con":true,"img":false}]}
{"op":"mcm","clk":"11450671809","pt":1717324421196,"mc":[{"id":"1.229554929","rc":[{"atl":[[2.16,2]],"id":49546922}],"con":true,"img":false}]}
{"op":"mcm","clk":"11450671821","pt":1717324421351,"mc":[{"id":"1.229554929","rc":[{"atl":[[2.18,0]],"id":49546922}],"con":true,"img":false}]}
{"op":"mcm","clk":"11450671831","pt":1717324421407,"mc":[{"id":"1.229554929","rc":[{"atl":[[2.38,27.99],[2.44,10.42]],"id":49546922}],"con":true,"img":false}]}
{"op":"mcm","clk":"11450672000","pt":1717324422988,"mc":[{"id":"1.229554929","rc":[{"atl":[[2.18,2],[2.16,0]],"id":49546922}],"con":true,"img":false}]}
{"op":"mcm","clk":"11450672016","pt":1717324423095,"mc":[{"id":"1.229554929","rc":[{"atl":[[2.38,10.87],[2.18,12.42]],"id":49546922}],"con":true,"img":false}]}
{"op":"mcm","clk":"11450672121","pt":1717324423900,"mc":[{"id":"1.229554929","rc":[{"atl":[[2.18,10.42],[2.16,2]],"id":49546922}],"con":true,"img":false}]}
{"op":"mcm","clk":"11450672251","pt":1717324424899,"mc":[{"id":"1.229554929","rc":[{"atb":[[1.54,2]],"id":49546922}],"con":true,"img":false}]}
{"op":"mcm","clk":"11450672264","pt":1717324425006,"mc":[{"id":"1.229554929","rc":[{"atb":[[1.55,0]],"id":49546922}],"con":true,"img":false}]}
{"op":"mcm","clk":"11450672279","pt":1717324425111,"mc":[{"id":"1.229554929","rc":[{"atl":[[2.72,0],[2.68,2]],"id":47148562}],"con":true,"img":false}]}
{"op":"mcm","clk":"11450672306","pt":1717324425317,"mc":[{"id":"1.229554929","rc":[{"atb":[[1.84,0],[1.52,86.41]],"id":47148562}],"con":true,"img":false}]}
{"op":"mcm","clk":"11450672380","pt":1717324425899,"mc":[{"id":"1.229554929","rc":[{"atl":[[2.36,11.03],[2.38,0]],"id":49546922}],"con":true,"img":false}]}
{"op":"mcm","clk":"11450672392","pt":1717324425998,"mc":[{"id":"1.229554929","rc":[{"atb":[[1.55,2],[1.54,0]],"id":49546922}],"con":true,"img":false}]}
{"op":"mcm","clk":"11450672605","pt":1717324427649,"mc":[{"id":"1.229554929","rc":[{"atb":[[1.55,27.27],[1.52,57.56]],"id":47148562},{"atb":[[1.4,67.57],[1.41,36.59]],"id":49546922},{"atl":[[2.36,0],[2.38,10.87],[2.34,11.19]],"id":49546922}],"con":true,"img":false}]}
{"op":"mcm","clk":"11450672674","pt":1717324428218,"mc":[{"id":"1.229554929","rc":[{"atl":[[2.18,0],[2.34,23.61]],"id":49546922}],"con":true,"img":false}]}
{"op":"mcm","clk":"11450672719","pt":1717324428640,"mc":[{"id":"1.229554929","rc":[{"atl":[[2.44,0],[2.34,12.42]],"id":49546922}],"con":true,"img":false}]}
{"op":"mcm","clk":"11450672790","pt":1717324429215,"mc":[{"id":"1.229554929","rc":[{"atl":[[2.18,2],[2.16,0]],"id":49546922}],"con":true,"img":false}]}
{"op":"mcm","clk":"11450672940","pt":1717324430360,"mc":[{"id":"1.229554929","rc":[{"atb":[[1.55,0],[1.54,27.78]],"id":47148562},{"atb":[[1.41,0],[1.42,35.71]],"id":49546922}],"con":true,"img":false}]}
{"op":"mcm","clk":"11450672962","pt":1717324430527,"mc":[{"id":"1.229554929","rc":[{"atb":[[2,7.84],[1.9,8.72]],"id":47148562},{"atb":[[1.6,13.07],[1.7,11.21]],"id":49546922}],"con":true,"img":false}]}
{"op":"mcm","clk":"11450672988","pt":1717324430742,"mc":[{"id":"1.229554929","rc":[{"atb":[[2.02,2],[1.85,0]],"id":47148562}],"con":true,"img":false}]}
{"op":"mcm","clk":"11450673004","pt":1717324430843,"mc":[{"id":"1.229554929","rc":[{"atb":[[1.88,27.78],[1.52,0]],"id":47148562}],"con":true,"img":false}]}
{"op":"mcm","clk":"11450673132","pt":1717324431832,"mc":[{"id":"1.229554929","rc":[{"atl":[[2.18,0],[2.16,2]],"id":49546922}],"con":true,"img":false}]}
{"op":"mcm","clk":"11450673443","pt":1717324434240,"mc":[{"id":"1.229554929","rc":[{"atl":[[3.1,0],[2.66,2],[2.96,7.65],[2.68,0]],"id":47148562},{"atb":[[1.59,2],[1.55,0]],"id":49546922}],"con":true,"img":false}]}
{"op":"mcm","clk":"11450673452","pt":1717324434339,"mc":[{"id":"1.229554929","rc":[{"atl":[[3,9.09],[3.15,9.3]],"id":47148562}],"con":true,"img":false}]}
{"op":"mcm","clk":"11450673474","pt":1717324434552,"mc":[{"id":"1.229554929","rc":[{"atb":[[1.54,0]],"id":47148562},{"atb":[[1.42,0],[1.39,0]],"id":49546922}],"con":true,"img":false}]}
{"op":"mcm","clk":"11450673589","pt":1717324435339,"mc":[{"id":"1.229554929","rc":[{"atl":[[2.36,11.03]],"id":49546922}],"con":true,"img":false}]}
{"op":"mcm","clk":"11450673615","pt":1717324435544,"mc":[{"id":"1.229554929","rc":[{"atl":[[2.36,0]],"id":49546922}],"con":true,"img":false}]}
{"op":"mcm","clk":"11450674078","pt":1717324439412,"mc":[{"id":"1.229554929","rc":[{"atb":[[1.88,0],[1.94,27.78]],"id":47148562},{"atl":[[2.36,11.03]],"id":49546922}],"con":true,"img":false}]}
{"op":"mcm","clk":"11450674204","pt":1717324440333,"mc":[{"id":"1.229554929","rc":[{"atl":[[2.18,2],[2.16,0]],"id":49546922}],"con":true,"img":false}]}
{"op":"mcm","clk":"11450674238","pt":1717324440598,"mc":[{"id":"1.229554929","rc":[{"atl":[[2.18,13.03],[2.34,0]],"id":49546922}],"con":true,"img":false}]}
{"op":"mcm","clk":"11450674260","pt":1717324440706,"mc":[{"id":"1.229554929","rc":[{"atl":[[2.66,0],[2.68,2]],"id":47148562},{"atl":[[2.36,37.09],[2.18,2]],"id":49546922}],"con":true,"img":false}]}
{"op":"mcm","clk":"11450674863","pt":1717324445427,"mc":[{"id":"1.229554929","rc":[{"atl":[[2.16,2]],"id":49546922}],"con":true,"img":false}]}
{"op":"mcm","clk":"11450674876","pt":1717324445527,"mc":[{"id":"1.229554929","rc":[{"atl":[[2.24,12.1],[2.18,0]],"id":49546922}],"con":true,"img":false}]}
{"op":"mcm","clk":"11450674886","pt":1717324445637,"mc":[{"id":"1.229554929","rc":[{"atl":[[2.36,26.06]],"id":49546922}],"con":true,"img":false}]}
{"op":"mcm","clk":"11450674910","pt":1717324445843,"mc":[{"id":"1.229554929","rc":[{"atl":[[2.5,0],[2.38,0],[2.46,0]],"id":49546922}],"con":true,"img":false}]}
{"op":"mcm","clk":"11450675849","pt":1717324453556,"mc":[{"id":"1.229554929","rc":[{"atl":[[2.28,15.63]],"id":49546922}],"con":true,"img":false}]}
{"op":"mcm","clk":"11450675863","pt":1717324453656,"mc":[{"id":"1.229554929","rc":[{"atl":[[2.36,0],[2.28,29.73]],"id":49546922}],"con":true,"img":false}]}
{"op":"mcm","clk":"11450675909","pt":1717324453972,"mc":[{"id":"1.229554929","rc":[{"atb":[[2,0],[1.9,0]],"id":47148562},{"atb":[[1.6,0],[1.7,0]],"id":49546922}],"con":true,"img":false}]}
{"op":"mcm","clk":"11450675935","pt":1717324454136,"mc":[{"id":"1.229554929","rc":[{"atb":[[2.02,0],[1.54,55.56],[1.86,2],[1.94,0]],"id":47148562},{"atb":[[1.59,0],[1.53,2]],"id":49546922}],"con":true,"img":false}]}
{"op":"mcm","clk":"11450675948","pt":1717324454246,"mc":[{"id":"1.229554929","rc":[{"atb":[[1.55,27.27],[1.54,0],[1.87,42.55]],"id":47148562},{"atb":[[1.37,40.54]],"id":49546922}],"con":true,"img":false}]}
{"op":"mcm","clk":"11450675961","pt":1717324454354,"mc":[{"id":"1.229554929","rc":[{"atb":[[1.88,2]],"id":47148562}],"con":true,"img":false}]}
{"op":"mcm","clk":"11450675977","pt":1717324454458,"mc":[{"id":"1.229554929","rc":[{"atb":[[1.55,71.82],[1.86,0],[1.87,0]],"id":47148562}],"con":true,"img":false}]}
{"op":"mcm","clk":"11450675990","pt":1717324454558,"mc":[{"id":"1.229554929","rc":[{"atb":[[1.88,0],[1.86,2]],"id":47148562}],"con":true,"img":false}]}
{"op":"mcm","clk":"11450676428","pt":1717324457564,"mc":[{"id":"1.229554929","rc":[{"atl":[[2.68,0],[2.7,2]],"id":47148562},{"atb":[[1.53,0],[1.52,2]],"id":49546922}],"con":true,"img":false}]}
{"op":"mcm","clk":"11450676451","pt":1717324457730,"mc":[{"id":"1.229554929","rc":[{"atl":[[2.98,7.58],[2.96,0]],"id":47148562}],"con":true,"img":false}]}
{"op":"mcm","clk":"11450676589","pt":1717324458822,"mc":[{"id":"1.229554929","rc":[{"atb":[[1.38,39.47]],"id":49546922},{"atl":[[2.24,0],[2.3,11.54],[2.22,12.3]],"id":49546922}],"con":true,"img":false}]}
{"op":"mcm","clk":"11450676605","pt":1717324458930,"mc":[{"id":"1.229554929","rc":[{"atl":[[2.28,15.63],[2.2,12.3]],"id":49546922}],"con":true,"img":false}]}
{"op":"mcm","clk":"11450676629","pt":1717324459140,"mc":[{"id":"1.229554929","rc":[{"atl":[[2.22,26.6],[2.2,0]],"id":49546922}],"con":true,"img":false}]}
{"op":"mcm","clk":"11450676640","pt":1717324459244,"mc":[{"id":"1.229554929","rc":[{"atl":[[2.28,44.23]],"id":49546922}],"con":true,"img":false}]}
{"op":"mcm","clk":"11450676651","pt":1717324459341,"mc":[{"id":"1.229554929","rc":[{"atl":[[2.22,12.3]],"id":49546922}],"con":true,"img":false}]}
{"op":"mcm","clk":"11450676724","pt":1717324459962,"mc":[{"id":"1.229554929","rc":[{"atb":[[1.38,0]],"id":49546922},{"atl":[[2.22,0]],"id":49546922}],"con":true,"img":false}]}
{"op":"mcm","clk":"11450676790","pt":1717324460539,"mc":[{"id":"1.229554929","rc":[{"atl":[[2.28,28.6]],"id":49546922}],"con":true,"img":false}]}
{"op":"mcm","clk":"11450676885","pt":1717324461273,"mc":[{"id":"1.229554929","rc":[{"atb":[[1.55,44.55],[1.57,26.32]],"id":47148562},{"atb":[[1.38,39.47]],"id":49546922}],"con":true,"img":false}]}
{"op":"mcm","clk":"11450677428","pt":1717324465365,"mc":[{"id":"1.229554929","rc":[{"atb":[[1.57,0],[1.55,71.82]],"id":47148562},{"atb":[[1.38,0]],"id":49546922}],"con":true,"img":false}]}
{"op":"mcm","clk":"11450677467","pt":1717324465683,"mc":[{"id":"1.229554929","rc":[{"atb":[[2.06,7.4],[1.93,8.43]],"id":47148562},{"atb":[[1.56,14.01],[1.66,11.89]],"id":49546922}],"con":true,"img":false}]}
{"op":"mcm","clk":"11450677495","pt":1717324465859,"mc":[{"id":"1.229554929","rc":[{"atb":[[1.55,27.27],[1.86,0],[1.94,14.8],[2.08,2]],"id":47148562},{"atb":[[1.59,2],[1.52,0]],"id":49546922}],"con":true,"img":false}]}
{"op":"mcm","clk":"11450677508","pt":1717324465947,"mc":[{"id":"1.229554929","rc":[{"atb":[[1.96,14.8],[1.94,0]],"id":47148562}],"con":true,"img":false}]}
{"op":"mcm","clk":"11450677537","pt":1717324466259,"mc":[{"id":"1.229554929","rc":[{"atl":[[2.3,0],[2.32,11.36]],"id":49546922}],"con":true,"img":false}]}
{"op":"mcm","clk":"11450677795","pt":1717324468151,"mc":[{"id":"1.229554929","rc":[{"atl":[[2.32,0],[2.34,11.19]],"id":49546922}],"con":true,"img":false}]}
{"op":"mcm","clk":"11450677808","pt":1717324468254,"mc":[{"id":"1.229554929","rc":[{"atl":[[2.28,0],[2.34,41.79]],"id":49546922}],"con":true,"img":false}]}
{"op":"mcm","clk":"11450677835","pt":1717324468466,"mc":[{"id":"1.229554929","rc":[{"atb":[[1.37,0]],"id":49546922},{"atl":[[2.32,11.36]],"id":49546922}],"con":true,"img":false}]}
{"op":"mcm","clk":"11450678784","pt":1717324475943,"mc":[{"id":"1.229554929","rc":[{"atl":[[2.36,14.71]],"id":49546922}],"con":true,"img":false}]}
{"op":"mcm","clk":"11450679348","pt":1717324480486,"mc":[{"id":"1.229554929","rc":[{"atl":[[2.24,12.1]],"id":49546922}],"con":true,"img":false}]}
{"op":"mcm","clk":"11450679405","pt":1717324480960,"mc":[{"id":"1.229554929","rc":[{"atb":[[1.55,0]],"id":47148562}],"con":true,"img":false}]}
{"op":"mcm","clk":"11450679504","pt":1717324481647,"mc":[{"id":"1.229554929","rc":[{"atl":[[2.24,0]],"id":49546922}],"con":true,"img":false}]}
{"op":"mcm","clk":"11450679530","pt":1717324481850,"mc":[{"id":"1.229554929","rc":[{"atl":[[2.24,12.1]],"id":49546922}],"con":true,"img":false}]}
{"op":"mcm","clk":"11450679555","pt":1717324482058,"mc":[{"id":"1.229554929","rc":[{"atl":[[2.24,0]],"id":49546922}],"con":true,"img":false}]}
{"op":"mcm","clk":"11450679869","pt":1717324484541,"mc":[{"id":"1.229554929","rc":[{"atl":[[2.24,12.1]],"id":49546922}],"con":true,"img":false}]}
{"op":"mcm","clk":"11450679905","pt":1717324484855,"mc":[{"id":"1.229554929","rc":[{"atl":[[2.78,2],[2.7,0]],"id":47148562}],"con":true,"img":false}]}
{"op":"mcm","clk":"11450679946","pt":1717324485166,"mc":[{"id":"1.229554929","rc":[{"atl":[[2.98,0],[3.05,7.32]],"id":47148562}],"con":true,"img":false}]}
{"op":"mcm","clk":"11450680199","pt":1717324486953,"mc":[{"id":"1.229554929","rc":[{"atb":[[2.06,0],[1.93,0]],"id":47148562},{"atb":[[1.56,0],[1.66,0]],"id":49546922}],"con":true,"img":false}]}
{"op":"mcm","clk":"11450680231","pt":1717324487163,"mc":[{"id":"1.229554929","rc":[{"atb":[[1.56,55.56],[1.96,0],[1.86,2],[2.08,0]],"id":47148562},{"atb":[[1.59,0],[1.49,2]],"id":49546922}],"con":true,"img":false}]}
{"op":"mcm","clk":"11450680246","pt":1717324487264,"mc":[{"id":"1.229554929","rc":[{"atb":[[1.56,0],[1.86,57.56]],"id":47148562}],"con":true,"img":false}]}
{"op":"mcm","clk":"11450680260","pt":1717324487369,"mc":[{"id":"1.229554929","rc":[{"atb":[[1.56,115.12],[1.59,25.42],[1.86,0],[1.87,2]],"id":47148562},{"atl":[[3,0],[3.3,18.18]],"id":47148562},{"atb":[[1.4,0],[1.37,40.54],[1.35,155.28]],"id":49546922}],"con":true,"img":false}]}
{"op":"mcm","clk":"11450680271","pt":1717324487426,"mc":[{"id":"1.229554929","rc":[{"atb":[[1.87,27.42]],"id":47148562},{"atb":[[1.35,85.71],[1.38,40.54]],"id":49546922}],"con":true,"img":false}]}
{"op":"mcm","clk":"11450680284","pt":1717324487580,"mc":[{"id":"1.229554929","rc":[{"atb":[[1.56,0]],"id":47148562}],"con":true,"img":false}]}
{"op":"mcm","clk":"11450680436","pt":1717324488842,"mc":[{"id":"1.229554929","rc":[{"atb":[[1.86,2],[1.87,25.42]],"id":47148562}],"con":true,"img":false}]}
{"op":"mcm","clk":"11450680542","pt":1717324489770,"mc":[{"id":"1.229554929","rc":[{"atb":[[1.59,0],[1.58,25.86]],"id":47148562},{"atb":[[1.36,41.67],[1.37,0]],"id":49546922}],"con":true,"img":false}]}
{"op":"mcm","clk":"11450680683","pt":1717324490974,"mc":[{"id":"1.229554929","rc":[{"atl":[[2.24,0],[2.28,11.72]],"id":49546922}],"con":true,"img":false}]}
{"op":"mcm","clk":"11450680696","pt":1717324491078,"mc":[{"id":"1.229554929","rc":[{"atl":[[2.28,26.43],[2.34,11.19]],"id":49546922}],"con":true,"img":false}]}
{"op":"mcm","clk":"11450680832","pt":1717324492273,"mc":[{"id":"1.229554929","rc":[{"atb":[[1.58,68.41],[1.87,0]],"id":47148562}],"con":true,"img":false}]}
{"op":"mcm","clk":"11450681102","pt":1717324494364,"mc":[{"id":"1.229554929","rc":[{"atb":[[1.5,2],[1.49,0]],"id":49546922}],"con":true,"img":false}]}
{"op":"mcm","clk":"11450681159","pt":1717324494793,"mc":[{"id":"1.229554929","rc":[{"atb":[[1.97,8.08],[1.86,0],[1.87,2],[2.14,6.88]],"id":47148562},{"atb":[[1.51,15.38],[1.61,12.86]],"id":49546922}],"con":true,"img":false}]}
{"op":"mcm","clk":"11450681190","pt":1717324494950,"mc":[{"id":"1.229554929","rc":[{"atb":[[1.58,25.86],[1.96,42.55],[1.87,0],[2.16,2]],"id":47148562},{"atl":[[3.15,18.62],[3.3,0]],"id":47148562},{"atb":[[1.57,2],[1.5,0]],"id":49546922}],"con":true,"img":false}]}
{"op":"mcm","clk":"11450681309","pt":1717324495840,"mc":[{"id":"1.229554929","rc":[{"atl":[[2.16,0],[2.14,2]],"id":49546922}],"con":true,"img":false}]}
{"op":"mcm","clk":"11450681321","pt":1717324495943,"mc":[{"id":"1.229554929","rc":[{"atl":[[2.28,11.72],[2.14,13.36]],"id":49546922}],"con":true,"img":false}]}
{"op":"mcm","clk":"11450681434","pt":1717324497036,"mc":[{"id":"1.229554929","rc":[{"atl":[[2.16,2]],"id":49546922}],"con":true,"img":false}]}
{"op":"mcm","clk":"11450681443","pt":1717324497146,"mc":[{"id":"1.229554929","rc":[{"atl":[[2.14,11.36]],"id":49546922}],"con":true,"img":false}]}
{"op":"mcm","clk":"11450681863","pt":1717324500742,"mc":[{"id":"1.229554929","rc":[{"atl":[[2.28,25.08],[2.14,0]],"id":49546922}],"con":true,"img":false}]}
{"op":"mcm","clk":"11450681873","pt":1717324500845,"mc":[{"id":"1.229554929","rc":[{"atb":[[1.98,4.03]],"id":47148562},{"atl":[[2.78,5.87]],"id":47148562},{"atb":[[1.62,5.03]],"id":49546922},{"atl":[[2.16,6.8]],"id":49546922}],"con":true,"img":false}]}
{"op":"mcm","clk":"11450681907","pt":1717324501160,"mc":[{"id":"1.229554929","rc":[{"atl":[[2.28,11.72],[2.14,11.36]],"id":49546922}],"con":true,"img":false}]}
{"op":"mcm","clk":"11450682110","pt":1717324502878,"mc":[{"id":"1.229554929","rc":[{"atl":[[2.78,3.87],[2.76,2]],"id":47148562}],"con":true,"img":false}]}
{"op":"mcm","clk":"11450682136","pt":1717324503087,"mc":[{"id":"1.229554929","rc":[{"atl":[[2.14,13.76],[2.16,4.8]],"id":49546922}],"con":true,"img":false}]}
{"op":"mcm","clk":"11450682274","pt":1717324504291,"mc":[{"id":"1.229554929","rc":[{"atb":[[1.58,0]],"id":47148562},{"atl":[[2.28,0],[2.26,11.9]],"id":49546922}],"con":true,"img":false}]}
{"op":"mcm","clk":"11450682554","pt":1717324506692,"mc":[{"id":"1.229554929","rc":[{"atb":[[1.57,0],[1.58,2.4]],"id":49546922}],"con":true,"img":false}]}
{"op":"mcm","clk":"11450683216","pt":1717324512881,"mc":[{"id":"1.229554929","rc":[{"atl":[[3.05,0]],"id":47148562},{"atb":[[1.58,0],[1.55,2.4]],"id":49546922}],"con":true,"img":false}]}
{"op":"mcm","clk":"11450683905","pt":1717324518904,"mc":[{"id":"1.229554929","rc":[{"atb":[[1.97,0],[2.14,0]],"id":47148562},{"atb":[[1.51,0],[1.61,0]],"id":49546922}],"con":true,"img":false}]}
{"op":"mcm","clk":"11450683931","pt":1717324519080,"mc":[{"id":"1.229554929","rc":[{"atb":[[1.99,2],[2.16,0]],"id":47148562}],"con":true,"img":false}]}
{"op":"mcm","clk":"11450683948","pt":1717324519183,"mc":[{"id":"1.229554929","rc":[{"atb":[[1.96,0],[1.94,55.56]],"id":47148562}],"con":true,"img":false}]}
{"op":"mcm","clk":"11450684497","pt":1717324524210,"mc":[{"id":"1.229554929","rc":[{"atl":[[2.24,12.1],[2.26,0]],"id":49546922}],"con":true,"img":false}]}
{"op":"mcm","clk":"11450684758","pt":1717324526598,"mc":[{"id":"1.229554929","rc":[{"atb":[[1.36,0],[1.35,0]],"id":49546922}],"con":true,"img":false}]}
{"op":"mcm","clk":"11450684799","pt":1717324526965,"mc":[{"id":"1.229554929","rc":[{"atl":[[2.24,0],[2.22,12.3]],"id":49546922}],"con":true,"img":false}]}
{"op":"mcm","clk":"11450684965","pt":1717324528701,"mc":[{"id":"1.229554929","rc":[{"atb":[[1.97,8.08],[2.14,6.88]],"id":47148562},{"atb":[[1.51,15.38],[1.61,12.86]],"id":49546922}],"con":true,"img":false}]}
{"op":"mcm","clk":"11450684972","pt":1717324528803,"mc":[{"id":"1.229554929","rc":[{"atb":[[1.99,0],[2.16,2]],"id":47148562}],"con":true,"img":false}]}
{"op":"mcm","clk":"11450685219","pt":1717324531194,"mc":[{"id":"1.229554929","rc":[{"atl":[[2.24,12.1]],"id":49546922}],"con":true,"img":false}]}
{"op":"mcm","clk":"11450685229","pt":1717324531297,"mc":[{"id":"1.229554929","rc":[{"atl":[[2.22,0]],"id":49546922}],"con":true,"img":false}]}
{"op":"mcm","clk":"11450685346","pt":1717324532284,"mc":[{"id":"1.229554929","rc":[{"atb":[[2.16,5.89]],"id":47148562},{"atl":[[2.22,12.3],[2.12,4.99]],"id":49546922}],"con":true,"img":false}]}
{"op":"mcm","clk":"11450685359","pt":1717324532387,"mc":[{"id":"1.229554929","rc":[{"atl":[[2.24,0],[2.14,0],[2.1,9.9]],"id":49546922}],"con":true,"img":false}]}
{"op":"mcm","clk":"11450685687","pt":1717324535284,"mc":[{"id":"1.229554929","rc":[{"atb":[[1.56,4.9],[1.55,0]],"id":49546922}],"con":true,"img":false}]}
{"op":"mcm","clk":"11450685741","pt":1717324535801,"mc":[{"id":"1.229554929","rc":[{"atl":[[2.24,12.1],[2.22,0]],"id":49546922}],"con":true,"img":false}]}
{"op":"mcm","clk":"11450685750","pt":1717324535902,"mc":[{"id":"1.229554929","rc":[{"atl":[[2.2,12.5]],"id":49546922}],"con":true,"img":false}]}
{"op":"mcm","clk":"11450685790","pt":1717324536322,"mc":[{"id":"1.229554929","rc":[{"atl":[[2.24,0],[2.36,0],[2.32,0],[2.22,12.3],[2.2,0]],"id":49546922}],"con":true,"img":false}]}
{"op":"mcm","clk":"11450685801","pt":1717324536425,"mc":[{"id":"1.229554929","rc":[{"atb":[[1.99,12.78],[1.94,0]],"id":47148562}],"con":true,"img":false}]}
{"op":"mcm","clk":"11450685849","pt":1717324536797,"mc":[{"id":"1.229554929","rc":[{"atl":[[2.2,12.5]],"id":49546922}],"con":true,"img":false}]}
{"op":"mcm","clk":"11450685907","pt":1717324537312,"mc":[{"id":"1.229554929","rc":[{"atl":[[2.24,12.1]],"id":49546922}],"con":true,"img":false}]}
{"op":"mcm","clk":"11450685918","pt":1717324537415,"mc":[{"id":"1.229554929","rc":[{"atl":[[2.2,0]],"id":49546922}],"con":true,"img":false}]}
{"op":"mcm","clk":"11450685998","pt":1717324538223,"mc":[{"id":"1.229554929","rc":[{"atl":[[2.22,0]],"id":49546922}],"con":true,"img":false}]}
{"op":"mcm","clk":"11450686248","pt":1717324540220,"mc":[{"id":"1.229554929","rc":[{"atl":[[2.22,12.3]],"id":49546922}],"con":true,"img":false}]}
{"op":"mcm","clk":"11450686310","pt":1717324540795,"mc":[{"id":"1.229554929","rc":[{"atl":[[2.22,0]],"id":49546922}],"con":true,"img":false}]}
{"op":"mcm","clk":"11450686893","pt":1717324546523,"mc":[{"id":"1.229554929","rc":[{"atl":[[2.24,0],[2.26,11.9]],"id":49546922}],"con":true,"img":false}]}
{"op":"mcm","clk":"11450687417","pt":1717324551944,"mc":[{"id":"1.229554929","rc":[{"atb":[[1.99,0],[2.02,12.78]],"id":47148562}],"con":true,"img":false}]}
{"op":"mcm","clk":"11450687499","pt":1717324552717,"mc":[{"id":"1.229554929","rc":[{"atl":[[2.3,15.38]],"id":49546922}],"con":true,"img":false}]}
{"op":"mcm","clk":"11450687581","pt":1717324553606,"mc":[{"id":"1.229554929","rc":[{"atb":[[1.97,0],[2.14,0]],"id":47148562},{"atb":[[1.51,0],[1.61,0]],"id":49546922}],"con":true,"img":false}]}
{"op":"mcm","clk":"11450687794","pt":1717324555749,"mc":[{"id":"1.229554929","rc":[{"atl":[[2.24,12.1]],"id":49546922}],"con":true,"img":false}]}
{"op":"mcm","clk":"11450687817","pt":1717324555903,"mc":[{"id":"1.229554929","rc":[{"atl":[[2.1,4.99],[2.08,2.4]],"id":49546922}],"con":true,"img":false}]}
{"op":"mcm","clk":"11450688344","pt":1717324560758,"mc":[{"id":"1.229554929","rc":[{"atb":[[1.97,8.08],[2.14,6.88]],"id":47148562},{"atb":[[1.51,15.38],[1.61,12.86]],"id":49546922}],"con":true,"img":false}]}
{"op":"mcm","clk":"11450688736","pt":1717324564226,"mc":[{"id":"1.229554929","rc":[{"atl":[[2.24,0],[2.16,17.73]],"id":49546922}],"con":true,"img":false}]}
{"op":"mcm","clk":"11450689183","pt":1717324568439,"mc":[{"id":"1.229554929","rc":[{"atl":[[2.1,7.5],[2.08,0]],"id":49546922}],"con":true,"img":false}]}
{"op":"mcm","clk":"11450689302","pt":1717324569535,"mc":[{"id":"1.229554929","rc":[{"atb":[[1.97,0],[2.14,0]],"id":47148562},{"atb":[[1.51,0],[1.61,0]],"id":49546922}],"con":true,"img":false}]}
{"op":"mcm","clk":"11450689370","pt":1717324570163,"mc":[{"id":"1.229554929","rc":[{"atl":[[2.2,16.67]],"id":49546922}],"con":true,"img":false}]}
{"op":"mcm","clk":"11450689456","pt":1717324570849,"mc":[{"id":"1.229554929","rc":[{"atl":[[2.3,0],[2.26,0],[2.34,0]],"id":49546922}],"con":true,"img":false}]}
{"op":"mcm","clk":"11450689761","pt":1717324573554,"mc":[{"id":"1.229554929","rc":[{"atl":[[2.08,2.4]],"id":49546922}],"con":true,"img":false}]}
{"op":"mcm","clk":"11450689772","pt":1717324573670,"mc":[{"id":"1.229554929","rc":[{"atl":[[2.1,5]],"id":49546922}],"con":true,"img":false}]}
{"op":"mcm","clk":"11450689915","pt":1717324574761,"mc":[{"id":"1.229554929","rc":[{"atb":[[1.97,8.08],[2.14,6.88]],"id":47148562},{"atb":[[1.51,15.38],[1.61,12.86]],"id":49546922}],"con":true,"img":false}]}
{"op":"mcm","clk":"11450690050","pt":1717324575962,"mc":[{"id":"1.229554929","rc":[{"atl":[[2.24,20.16]],"id":49546922}],"con":true,"img":false}]}
{"op":"mcm","clk":"11450690176","pt":1717324576947,"mc":[{"id":"1.229554929","rc":[{"atl":[[2.1,7.5],[2.08,0]],"id":49546922}],"con":true,"img":false}]}
{"op":"mcm","clk":"11450690683","pt":1717324581669,"mc":[{"id":"1.229554929","rc":[{"atl":[[2.28,23.44]],"id":49546922}],"con":true,"img":false}]}
{"op":"mcm","clk":"11450690727","pt":1717324582079,"mc":[{"id":"1.229554929","rc":[{"atl":[[2.1,5],[2.08,4.9]],"id":49546922}],"con":true,"img":false}]}
