{"op":"mcm","clk":"11448351869","pt":1717289088271,"mc":[{"id":"1.229554894","marketDefinition":{"bspMarket":false,"turnInPlayEnabled":false,"persistenceEnabled":false,"marketBaseRate":7.0,"eventId":"33318908","eventTypeId":"4339","numberOfWinners":1,"bettingType":"ODDS","marketType":"MATCH_BET","marketTime":"2024-06-02T08:21:00.000Z","suspendTime":"2024-06-02T08:21:00.000Z","bspReconciled":false,"complete":true,"inPlay":false,"crossMatching":true,"runnersVoidable":false,"numberOfActiveRunners":2,"betDelay":0,"status":"OPEN","runners":[{"status":"ACTIVE","sortPriority":1,"id":70003365,"name":"4. Bookaloo"},{"status":"ACTIVE","sortPriority":2,"id":70003367,"name":"8. Apilla"}],"regulators":["MR_INT"],"venue":"Murray Bridge","countryCode":"AU","discountAllowed":true,"timezone":"Australia/Adelaide","openDate":"2024-06-02T08:21:00.000Z","version":5962433796,"name":"Bookaloo v Apilla","eventName":"Murray Bridge (AUS) 2nd Jun"},"rc":[],"con":true,"img":false}]}
{"op":"mcm","clk":"11448366403","pt":1717289278043,"mc":[{"id":"1.229554894","rc":[{"atb":[[1.58,13.52],[1.48,16.34]],"id":70003367},{"atb":[[2.02,7.69],[2.22,6.43]],"id":70003365}],"con":true,"img":false}]}
{"op":"mcm","clk":"11448449904","pt":1717290485765,"mc":[{"id":"1.229554894","rc":[{"atb":[[1.58,0],[1.48,0]],"id":70003367},{"atb":[[2.02,0],[2.22,0]],"id":70003365}],"con":true,"img":false}]}
{"op":"mcm","clk":"11448450360","pt":1717290493660,"mc":[{"id":"1.229554894","rc":[{"atb":[[1.42,18.68],[1.52,15.09]],"id":70003367},{"atb":[[2.14,6.88],[2.34,5.85]],"id":70003365}],"con":true,"img":false}]}
{"op":"mcm","clk":"11448451088","pt":1717290505987,"mc":[{"id":"1.229554894","rc":[{"atb":[[1.42,0],[1.52,0]],"id":70003367},{"atb":[[2.14,0],[2.34,0]],"id":70003365}],"con":true,"img":false}]}
{"op":"mcm","clk":"11448451644","pt":1717290515494,"mc":[{"id":"1.229554894","rc":[{"atb":[[1.4,19.61],[1.5,15.69]],"id":70003367},{"atb":[[2.4,5.6],[2.2,6.53]],"id":70003365}],"con":true,"img":false}]}
{"op":"mcm","clk":"11448452959","pt":1717290537143,"mc":[{"id":"1.229554894","rc":[{"atb":[[1.4,0],[1.5,0]],"id":70003367},{"atb":[[2.4,0],[2.2,0]],"id":70003365}],"con":true,"img":false}]}
{"op":"mcm","clk":"11448453486","pt":1717290545869,"mc":[{"id":"1.229554894","rc":[{"atb":[[1.4,19.61],[1.5,15.69]],"id":70003367},{"atb":[[2.4,5.6],[2.2,6.53]],"id":70003365}],"con":true,"img":false}]}
{"op":"mcm","clk":"11448455672","pt":1717290576906,"mc":[{"id":"1.229554894","rc":[{"atb":[[1.4,0],[1.5,0]],"id":70003367},{"atb":[[2.4,0],[2.2,0]],"id":70003365}],"con":true,"img":false}]}
{"op":"mcm","clk":"11448456059","pt":1717290583604,"mc":[{"id":"1.229554894","rc":[{"atb":[[1.49,16.01],[1.39,20.12]],"id":70003367},{"atb":[[2.42,5.52],[2.22,6.43]],"id":70003365}],"con":true,"img":false}]}
{"op":"mcm","clk":"11448459584","pt":1717290647283,"mc":[{"id":"1.229554894","rc":[{"atb":[[1.49,0],[1.39,0]],"id":70003367},{"atb":[[2.42,0],[2.22,0]],"id":70003365}],"con":true,"img":false}]}
{"op":"mcm","clk":"11448459972","pt":1717290655707,"mc":[{"id":"1.229554894","rc":[{"atb":[[1.49,16.01],[1.39,20.12]],"id":70003367},{"atb":[[2.42,5.52],[2.22,6.43]],"id":70003365}],"con":true,"img":false}]}
{"op":"mcm","clk":"11448461417","pt":1717290680524,"mc":[{"id":"1.229554894","rc":[{"atb":[[1.49,0],[1.39,0]],"id":70003367},{"atb":[[2.42,0],[2.22,0]],"id":70003365}],"con":true,"img":false}]}
{"op":"mcm","clk":"11448462212","pt":1717290691902,"mc":[{"id":"1.229554894","rc":[{"atb":[[1.37,21.2],[1.47,16.69]],"id":70003367},{"atb":[[2.28,6.13],[2.48,5.3]],"id":70003365}],"con":true,"img":false}]}
{"op":"mcm","clk":"11448463739","pt":1717290717742,"mc":[{"id":"1.229554894","rc":[{"atb":[[1.37,0],[1.47,0]],"id":70003367},{"atb":[[2.28,0],[2.48,0]],"id":70003365}],"con":true,"img":false}]}
{"op":"mcm","clk":"11448465282","pt":1717290743288,"mc":[{"id":"1.229554894","rc":[{"atb":[[1.37,21.2],[1.47,16.69]],"id":70003367},{"atb":[[2.28,6.13],[2.48,5.3]],"id":70003365}],"con":true,"img":false}]}
{"op":"mcm","clk":"11448474826","pt":1717290912477,"mc":[{"id":"1.229554894","rc":[{"atb":[[1.37,0],[1.47,0]],"id":70003367},{"atb":[[2.28,0],[2.48,0]],"id":70003365}],"con":true,"img":false}]}
{"op":"mcm","clk":"11448475142","pt":1717290917393,"mc":[{"id":"1.229554894","rc":[{"atb":[[1.43,18.24],[1.33,23.77]],"id":70003367},{"atb":[[2.4,5.6],[2.6,4.9]],"id":70003365}],"con":true,"img":false}]}
{"op":"mcm","clk":"11448476918","pt":1717290945627,"mc":[{"id":"1.229554894","rc":[{"atb":[[1.43,0],[1.33,0]],"id":70003367},{"atb":[[2.4,0],[2.6,0]],"id":70003365}],"con":true,"img":false}]}
{"op":"mcm","clk":"11448477487","pt":1717290954750,"mc":[{"id":"1.229554894","rc":[{"atb":[[1.43,18.24],[1.33,23.77]],"id":70003367},{"atb":[[2.4,5.6],[2.6,4.9]],"id":70003365}],"con":true,"img":false}]}
{"op":"mcm","clk":"11448482360","pt":1717291031786,"mc":[{"id":"1.229554894","rc":[{"atb":[[1.43,0],[1.33,0]],"id":70003367},{"atb":[[2.4,0],[2.6,0]],"id":70003365}],"con":true,"img":false}]}
{"op":"mcm","clk":"11448483015","pt":1717291041104,"mc":[{"id":"1.229554894","rc":[{"atb":[[1.43,18.24],[1.33,23.77]],"id":70003367},{"atb":[[2.4,5.6],[2.6,4.9]],"id":70003365}],"con":true,"img":false}]}
{"op":"mcm","clk":"11448491817","pt":1717291173850,"mc":[{"id":"1.229554894","rc":[{"atb":[[1.43,0],[1.33,0]],"id":70003367},{"atb":[[2.4,0],[2.6,0]],"id":70003365}],"con":true,"img":false}]}
{"op":"mcm","clk":"11448492666","pt":1717291186782,"mc":[{"id":"1.229554894","rc":[{"atb":[[1.44,17.83],[1.54,14.53]],"id":70003367},{"atb":[[2.3,6.03],[2.1,7.13]],"id":70003365}],"con":true,"img":false}]}
{"op":"mcm","clk":"11448494247","pt":1717291211930,"mc":[{"id":"1.229554894","rc":[{"atb":[[1.44,0],[1.54,0]],"id":70003367},{"atb":[[2.3,0],[2.1,0]],"id":70003365}],"con":true,"img":false}]}
{"op":"mcm","clk":"11448494993","pt":1717291222496,"mc":[{"id":"1.229554894","rc":[{"atb":[[1.44,17.83],[1.54,14.53]],"id":70003367},{"atb":[[2.3,6.03],[2.1,7.13]],"id":70003365}],"con":true,"img":false}]}
{"op":"mcm","clk":"11448496468","pt":1717291244133,"mc":[{"id":"1.229554894","rc":[{"atb":[[1.44,0],[1.54,0]],"id":70003367},{"atb":[[2.3,0],[2.1,0]],"id":70003365}],"con":true,"img":false}]}
{"op":"mcm","clk":"11448497030","pt":1717291252168,"mc":[{"id":"1.229554894","rc":[{"atb":[[1.6,13.07],[1.5,15.69]],"id":70003367},{"atb":[[1.98,8],[2.16,6.76]],"id":70003365}],"con":true,"img":false}]}
{"op":"mcm","clk":"11448497991","pt":1717291267478,"mc":[{"id":"1.229554894","rc":[{"atb":[[1.6,0],[1.5,0]],"id":70003367},{"atb":[[1.98,0],[2.16,0]],"id":70003365}],"con":true,"img":false}]}
{"op":"mcm","clk":"11448498628","pt":1717291277078,"mc":[{"id":"1.229554894","rc":[{"atb":[[1.62,12.65],[1.52,15.09]],"id":70003367},{"atb":[[2.12,7],[1.96,8.17]],"id":70003365}],"con":true,"img":false}]}
{"op":"mcm","clk":"11448500201","pt":1717291300007,"mc":[{"id":"1.229554894","rc":[{"atb":[[1.62,0],[1.52,0]],"id":70003367},{"atb":[[2.12,0],[1.96,0]],"id":70003365}],"con":true,"img":false}]}
{"op":"mcm","clk":"11448500719","pt":1717291307927,"mc":[{"id":"1.229554894","rc":[{"atb":[[1.62,12.65],[1.52,15.09]],"id":70003367},{"atb":[[2.12,7],[1.96,8.17]],"id":70003365}],"con":true,"img":false}]}
{"op":"mcm","clk":"11448505177","pt":1717291373191,"mc":[{"id":"1.229554894","rc":[{"atb":[[1.62,0],[1.52,0]],"id":70003367},{"atb":[[2.12,0],[1.96,0]],"id":70003365}],"con":true,"img":false}]}
{"op":"mcm","clk":"11448506046","pt":1717291384677,"mc":[{"id":"1.229554894","rc":[{"atb":[[1.62,12.65],[1.52,15.09]],"id":70003367},{"atb":[[2.12,7],[1.96,8.17]],"id":70003365}],"con":true,"img":false}]}
{"op":"mcm","clk":"11448507525","pt":1717291405810,"mc":[{"id":"1.229554894","rc":[{"atb":[[1.62,0],[1.52,0]],"id":70003367},{"atb":[[2.12,0],[1.96,0]],"id":70003365}],"con":true,"img":false}]}
{"op":"mcm","clk":"11448507967","pt":1717291412383,"mc":[{"id":"1.229554894","rc":[{"atb":[[1.64,12.26],[1.54,14.53]],"id":70003367},{"atb":[[1.95,8.26],[2.1,7.13]],"id":70003365}],"con":true,"img":false}]}
{"op":"mcm","clk":"11448516305","pt":1717291543772,"mc":[{"id":"1.229554894","rc":[{"atb":[[1.64,0],[1.54,0]],"id":70003367},{"atb":[[1.95,0],[2.1,0]],"id":70003365}],"con":true,"img":false}]}
{"op":"mcm","clk":"11448516748","pt":1717291550972,"mc":[{"id":"1.229554894","rc":[{"atb":[[1.59,13.29],[1.69,11.37]],"id":70003367},{"atb":[[2,7.84],[1.9,8.72]],"id":70003365}],"con":true,"img":false}]}
{"op":"mcm","clk":"11448517440","pt":1717291562288,"mc":[{"id":"1.229554894","rc":[{"atb":[[1.59,0],[1.69,0]],"id":70003367},{"atb":[[2,0],[1.9,0]],"id":70003365}],"con":true,"img":false}]}
{"op":"mcm","clk":"11448517838","pt":1717291568298,"mc":[{"id":"1.229554894","rc":[{"atb":[[1.59,13.29],[1.69,11.37]],"id":70003367},{"atb":[[2,7.84],[1.9,8.72]],"id":70003365}],"con":true,"img":false}]}
{"op":"mcm","clk":"11448520458","pt":1717291614238,"mc":[{"id":"1.229554894","rc":[{"atb":[[1.59,0],[1.69,0]],"id":70003367},{"atb":[[2,0],[1.9,0]],"id":70003365}],"con":true,"img":false}]}
{"op":"mcm","clk":"11448520760","pt":1717291619576,"mc":[{"id":"1.229554894","rc":[{"atb":[[1.6,13.07],[1.7,11.21]],"id":70003367},{"atb":[[2,7.84],[1.9,8.72]],"id":70003365}],"con":true,"img":false}]}
{"op":"mcm","clk":"11448521421","pt":1717291630105,"mc":[{"id":"1.229554894","rc":[{"atb":[[1.6,0],[1.7,0]],"id":70003367},{"atb":[[2,0],[1.9,0]],"id":70003365}],"con":true,"img":false}]}
{"op":"mcm","clk":"11448521774","pt":1717291635884,"mc":[{"id":"1.229554894","rc":[{"atb":[[1.6,13.07],[1.7,11.21]],"id":70003367},{"atb":[[2,7.84],[1.9,8.72]],"id":70003365}],"con":true,"img":false}]}
{"op":"mcm","clk":"11448527332","pt":1717291733107,"mc":[{"id":"1.229554894","rc":[{"atb":[[1.6,0],[1.7,0]],"id":70003367},{"atb":[[2,0],[1.9,0]],"id":70003365}],"con":true,"img":false}]}
{"op":"mcm","clk":"11448527774","pt":1717291740829,"mc":[{"id":"1.229554894","rc":[{"atb":[[1.6,13.07],[1.7,11.21]],"id":70003367},{"atb":[[2,7.84],[1.9,8.72]],"id":70003365}],"con":true,"img":false}]}
{"op":"mcm","clk":"11448528399","pt":1717291751018,"mc":[{"id":"1.229554894","rc":[{"atb":[[1.6,0],[1.7,0]],"id":70003367},{"atb":[[2,0],[1.9,0]],"id":70003365}],"con":true,"img":false}]}
{"op":"mcm","clk":"11448528857","pt":1717291758159,"mc":[{"id":"1.229554894","rc":[{"atb":[[1.6,13.07],[1.7,11.21]],"id":70003367},{"atb":[[2,7.84],[1.9,8.72]],"id":70003365}],"con":true,"img":false}]}
{"op":"mcm","clk":"11448777241","pt":1717296235499,"mc":[{"id":"1.229554894","rc":[{"atb":[[1.6,0],[1.7,0]],"id":70003367},{"atb":[[2,0],[1.9,0]],"id":70003365}],"con":true,"img":false}]}
{"op":"mcm","clk":"11448778319","pt":1717296263687,"mc":[{"id":"1.229554894","rc":[{"atb":[[1.6,13.07],[1.7,11.21]],"id":70003367},{"atb":[[2,7.84],[1.9,8.72]],"id":70003365}],"con":true,"img":false}]}
{"op":"mcm","clk":"11448990874","pt":1717301393980,"mc":[{"id":"1.229554894","rc":[{"atb":[[1.6,0],[1.7,0]],"id":70003367},{"atb":[[2,0],[1.9,0]],"id":70003365}],"con":true,"img":false}]}
{"op":"mcm","clk":"11448992393","pt":1717301420517,"mc":[{"id":"1.229554894","rc":[{"atb":[[1.73,10.75],[1.63,12.45]],"id":70003367},{"atb":[[1.97,8.08],[1.87,9.01]],"id":70003365}],"con":true,"img":false}]}
{"op":"mcm","clk":"11448993604","pt":1717301444870,"mc":[{"id":"1.229554894","rc":[{"atb":[[1.73,0],[1.63,0]],"id":70003367},{"atb":[[1.97,0],[1.87,0]],"id":70003365}],"con":true,"img":false}]}
{"op":"mcm","clk":"11448994250","pt":1717301457065,"mc":[{"id":"1.229554894","rc":[{"atb":[[1.73,10.75],[1.63,12.45]],"id":70003367},{"atb":[[1.97,8.08],[1.87,9.01]],"id":70003365}],"con":true,"img":false}]}
{"op":"mcm","clk":"11449002382","pt":1717301606922,"mc":[{"id":"1.229554894","rc":[{"atb":[[1.73,0],[1.63,0]],"id":70003367},{"atb":[[1.97,0],[1.87,0]],"id":70003365}],"con":true,"img":false}]}
{"op":"mcm","clk":"11449003978","pt":1717301637681,"mc":[{"id":"1.229554894","rc":[{"atb":[[1.75,10.46],[1.65,12.07]],"id":70003367},{"atb":[[1.96,8.17],[1.86,9.12]],"id":70003365}],"con":true,"img":false}]}
{"op":"mcm","clk":"11449012695","pt":1717301809743,"mc":[{"id":"1.229554894","rc":[{"atb":[[1.75,0],[1.65,0]],"id":70003367},{"atb":[[1.96,0],[1.86,0]],"id":70003365}],"con":true,"img":false}]}
{"op":"mcm","clk":"11449014024","pt":1717301838586,"mc":[{"id":"1.229554894","rc":[{"atb":[[1.75,10.46],[1.65,12.07]],"id":70003367},{"atb":[[1.96,8.17],[1.86,9.12]],"id":70003365}],"con":true,"img":false}]}
{"op":"mcm","clk":"11449015142","pt":1717301864401,"mc":[{"id":"1.229554894","rc":[{"atb":[[1.75,0],[1.65,0]],"id":70003367},{"atb":[[1.96,0],[1.86,0]],"id":70003365}],"con":true,"img":false}]}
{"op":"mcm","clk":"11449015693","pt":1717301876517,"mc":[{"id":"1.229554894","rc":[{"atb":[[1.67,11.71],[1.77,10.19]],"id":70003367},{"atb":[[1.85,9.23],[1.95,8.26]],"id":70003365}],"con":true,"img":false}]}
{"op":"mcm","clk":"11449020027","pt":1717301965559,"mc":[{"id":"1.229554894","rc":[{"atb":[[1.67,0],[1.77,0]],"id":70003367},{"atb":[[1.85,0],[1.95,0]],"id":70003365}],"con":true,"img":false}]}
{"op":"mcm","clk":"11449021328","pt":1717301995912,"mc":[{"id":"1.229554894","rc":[{"atb":[[1.67,11.71],[1.77,10.19]],"id":70003367},{"atb":[[1.85,9.23],[1.95,8.26]],"id":70003365}],"con":true,"img":false}]}
{"op":"mcm","clk":"11449022551","pt":1717302023434,"mc":[{"id":"1.229554894","rc":[{"atb":[[1.67,0],[1.77,0]],"id":70003367},{"atb":[[1.85,0],[1.95,0]],"id":70003365}],"con":true,"img":false}]}
{"op":"mcm","clk":"11449023125","pt":1717302036453,"mc":[{"id":"1.229554894","rc":[{"atb":[[1.81,9.68],[1.71,11.05]],"id":70003367},{"atb":[[1.83,9.45],[1.93,8.43]],"id":70003365}],"con":true,"img":false}]}
{"op":"mcm","clk":"11449024254","pt":1717302063805,"mc":[{"id":"1.229554894","rc":[{"atb":[[1.81,0],[1.71,0]],"id":70003367},{"atb":[[1.83,0],[1.93,0]],"id":70003365}],"con":true,"img":false}]}
{"op":"mcm","clk":"11449025396","pt":1717302090914,"mc":[{"id":"1.229554894","rc":[{"atb":[[1.79,9.93],[1.69,11.37]],"id":70003367},{"atb":[[1.84,9.34],[1.94,8.34]],"id":70003365}],"con":true,"img":false}]}
{"op":"mcm","clk":"11449025877","pt":1717302103368,"mc":[{"id":"1.229554894","rc":[{"atb":[[1.79,0],[1.69,0]],"id":70003367},{"atb":[[1.84,0],[1.94,0]],"id":70003365}],"con":true,"img":false}]}
{"op":"mcm","clk":"11449026267","pt":1717302113379,"mc":[{"id":"1.229554894","rc":[{"atb":[[1.82,9.56],[1.72,10.89]],"id":70003367},{"atb":[[1.82,9.56],[1.92,8.52]],"id":70003365}],"con":true,"img":false}]}
{"op":"mcm","clk":"11449222807","pt":1717305799206,"mc":[{"id":"1.229554894","rc":[{"atb":[[1.82,0],[1.72,0]],"id":70003367},{"atb":[[1.82,0],[1.92,0]],"id":70003365}],"con":true,"img":false}]}
{"op":"mcm","clk":"11449223866","pt":1717305813633,"mc":[{"id":"1.229554894","rc":[{"atb":[[1.73,10.75],[1.83,9.45]],"id":70003367},{"atb":[[1.81,9.68],[1.91,8.62]],"id":70003365}],"con":true,"img":false}]}
{"op":"mcm","clk":"11449228515","pt":1717305881485,"mc":[{"id":"1.229554894","rc":[{"atb":[[1.73,0],[1.83,0]],"id":70003367},{"atb":[[1.81,0],[1.91,0]],"id":70003365}],"con":true,"img":false}]}
{"op":"mcm","clk":"11449230796","pt":1717305912587,"mc":[{"id":"1.229554894","rc":[{"atb":[[1.73,10.75],[1.83,9.45]],"id":70003367},{"atb":[[1.81,9.68],[1.91,8.62]],"id":70003365}],"con":true,"img":false}]}
{"op":"mcm","clk":"11449233584","pt":1717305955949,"mc":[{"id":"1.229554894","rc":[{"atb":[[1.73,0],[1.83,0]],"id":70003367},{"atb":[[1.81,0],[1.91,0]],"id":70003365}],"con":true,"img":false}]}
{"op":"mcm","clk":"11449235522","pt":1717305983693,"mc":[{"id":"1.229554894","rc":[{"atb":[[1.73,10.75],[1.83,9.45]],"id":70003367},{"atb":[[1.81,9.68],[1.91,8.62]],"id":70003365}],"con":true,"img":false}]}
{"op":"mcm","clk":"11449237634","pt":1717306014418,"mc":[{"id":"1.229554894","rc":[{"atb":[[1.73,0],[1.83,0]],"id":70003367},{"atb":[[1.81,0],[1.91,0]],"id":70003365}],"con":true,"img":false}]}
{"op":"mcm","clk":"11449239495","pt":1717306042624,"mc":[{"id":"1.229554894","rc":[{"atb":[[1.73,10.75],[1.83,9.45]],"id":70003367},{"atb":[[1.81,9.68],[1.91,8.62]],"id":70003365}],"con":true,"img":false}]}
{"op":"mcm","clk":"11449258068","pt":1717306290438,"mc":[{"id":"1.229554894","rc":[{"atb":[[1.73,0],[1.83,0]],"id":70003367},{"atb":[[1.81,0],[1.91,0]],"id":70003365}],"con":true,"img":false}]}
{"op":"mcm","clk":"11449259122","pt":1717306303983,"mc":[{"id":"1.229554894","rc":[{"atb":[[1.77,10.19],[1.87,9.01]],"id":70003367},{"atb":[[1.79,9.93],[1.89,8.81]],"id":70003365}],"con":true,"img":false}]}
{"op":"mcm","clk":"11449262379","pt":1717306345732,"mc":[{"id":"1.229554894","rc":[{"atb":[[1.77,0],[1.87,0]],"id":70003367},{"atb":[[1.79,0],[1.89,0]],"id":70003365}],"con":true,"img":false}]}
{"op":"mcm","clk":"11449264590","pt":1717306375284,"mc":[{"id":"1.229554894","rc":[{"atb":[[1.8,9.8],[1.9,8.72]],"id":70003367},{"atb":[[1.86,9.12],[1.76,10.32]],"id":70003365}],"con":true,"img":false}]}
{"op":"mcm","clk":"11449301937","pt":1717306870185,"mc":[{"id":"1.229554894","rc":[{"atb":[[1.8,0],[1.9,0]],"id":70003367},{"atb":[[1.86,0],[1.76,0]],"id":70003365}],"con":true,"img":false}]}
{"op":"mcm","clk":"11449305698","pt":1717306920948,"mc":[{"id":"1.229554894","rc":[{"atb":[[1.8,9.8],[1.9,8.72]],"id":70003367},{"atb":[[1.86,9.12],[1.76,10.32]],"id":70003365}],"con":true,"img":false}]}
{"op":"mcm","clk":"11449334068","pt":1717307327945,"mc":[{"id":"1.229554894","rc":[{"atb":[[1.8,0],[1.9,0]],"id":70003367},{"atb":[[1.86,0],[1.76,0]],"id":70003365}],"con":true,"img":false}]}
{"op":"mcm","clk":"11449335808","pt":1717307354570,"mc":[{"id":"1.229554894","rc":[{"atb":[[1.8,9.8],[1.9,8.72]],"id":70003367},{"atb":[[1.86,9.12],[1.76,10.32]],"id":70003365}],"con":true,"img":false}]}
{"op":"mcm","clk":"11449341394","pt":1717307438903,"mc":[{"id":"1.229554894","rc":[{"atb":[[1.8,0],[1.9,0]],"id":70003367},{"atb":[[1.86,0],[1.76,0]],"id":70003365}],"con":true,"img":false}]}
{"op":"mcm","clk":"11449342048","pt":1717307452010,"mc":[{"id":"1.229554894","rc":[{"atb":[[1.88,8.92],[1.78,10.06]],"id":70003367},{"atb":[[1.88,8.92],[1.78,10.06]],"id":70003365}],"con":true,"img":false}]}
{"op":"mcm","clk":"11449358208","pt":1717307830444,"mc":[{"id":"1.229554894","rc":[{"atb":[[1.02,8.87]],"id":70003367},{"atl":[[1000,0.85]],"id":70003367},{"atb":[[1.03,5.92]],"id":70003365},{"atl":[[990,0.85]],"id":70003365}],"con":true,"img":false}]}
{"op":"mcm","clk":"11449363588","pt":1717307963207,"mc":[{"id":"1.229554894","rc":[{"atb":[[1.88,0],[1.78,0]],"id":70003367},{"atb":[[1.88,0],[1.78,0]],"id":70003365}],"con":true,"img":false}]}
{"op":"mcm","clk":"11449365070","pt":1717307998867,"mc":[{"id":"1.229554894","rc":[{"atb":[[1.88,8.92],[1.78,10.06]],"id":70003367},{"atb":[[1.88,8.92],[1.78,10.06]],"id":70003365}],"con":true,"img":false}]}
{"op":"mcm","clk":"11449433535","pt":1717309070258,"mc":[{"id":"1.229554894","rc":[{"atb":[[1.88,0],[1.78,0]],"id":70003367},{"atb":[[1.88,0],[1.78,0]],"id":70003365}],"con":true,"img":false}]}
{"op":"mcm","clk":"11449435536","pt":1717309098907,"mc":[{"id":"1.229554894","rc":[{"atb":[[1.88,8.92],[1.78,10.06]],"id":70003367},{"atb":[[1.88,8.92],[1.78,10.06]],"id":70003365}],"con":true,"img":false}]}
{"op":"mcm","clk":"11449497935","pt":1717309918839,"mc":[{"id":"1.229554894","rc":[{"atb":[[1.88,0],[1.78,0]],"id":70003367},{"atb":[[1.88,0],[1.78,0]],"id":70003365}],"con":true,"img":false}]}
{"op":"mcm","clk":"11449499427","pt":1717309943952,"mc":[{"id":"1.229554894","rc":[{"atb":[[1.88,8.92],[1.78,10.06]],"id":70003367},{"atb":[[1.88,8.92],[1.78,10.06]],"id":70003365}],"con":true,"img":false}]}
{"op":"mcm","clk":"11449550478","pt":1717310796927,"mc":[{"id":"1.229554894","rc":[{"atb":[[1.88,0],[1.78,0]],"id":70003367},{"atb":[[1.88,0],[1.78,0]],"id":70003365}],"con":true,"img":false}]}
{"op":"mcm","clk":"11449552522","pt":1717310833683,"mc":[{"id":"1.229554894","rc":[{"atb":[[1.88,8.92],[1.78,10.06]],"id":70003367},{"atb":[[1.88,8.92],[1.78,10.06]],"id":70003365}],"con":true,"img":false}]}
{"op":"mcm","clk":"11449586391","pt":1717311437388,"mc":[{"id":"1.229554894","rc":[{"atl":[[1000,0.17]],"id":70003367},{"atl":[[990,0.17]],"id":70003365}],"con":true,"img":false}]}
{"op":"mcm","clk":"11449590870","pt":1717311518992,"mc":[{"id":"1.229554894","rc":[{"atb":[[1.03,118.44]],"id":70003367},{"atl":[[960,1.04]],"id":70003367},{"atb":[[1.03,96.25]],"id":70003365},{"atl":[[990,2.19]],"id":70003365}],"con":true,"img":false}]}
{"op":"mcm","clk":"11449601391","pt":1717311718543,"mc":[{"id":"1.229554894","rc":[{"atb":[[1.88,0],[1.78,0]],"id":70003367},{"atb":[[1.88,0],[1.78,0]],"id":70003365}],"con":true,"img":false}]}
{"op":"mcm","clk":"11449603133","pt":1717311751590,"mc":[{"id":"1.229554894","rc":[{"atb":[[1.88,8.92],[1.78,10.06]],"id":70003367},{"atb":[[1.88,8.92],[1.78,10.06]],"id":70003365}],"con":true,"img":false}]}
{"op":"mcm","clk":"11449639293","pt":1717312554877,"mc":[{"id":"1.229554894","rc":[{"atb":[[1.88,0],[1.78,0]],"id":70003367},{"atb":[[1.88,0],[1.78,0]],"id":70003365}],"con":true,"img":false}]}
{"op":"mcm","clk":"11449639754","pt":1717312566647,"mc":[{"id":"1.229554894","rc":[{"atb":[[1.88,8.92],[1.78,10.06]],"id":70003367},{"atb":[[1.88,8.92],[1.78,10.06]],"id":70003365}],"con":true,"img":false}]}
{"op":"mcm","clk":"11449652040","pt":1717312860343,"mc":[{"id":"1.229554894","rc":[{"atl":[[19,2]],"id":70003367},{"atl":[[22,2.2]],"id":70003365}],"con":true,"img":false}]}
{"op":"mcm","clk":"11449652051","pt":1717312860546,"mc":[{"id":"1.229554894","rc":[{"atl":[[2.36,11.03],[2.4,14.29],[2.44,17.36],[2.48,20.27]],"id":70003367},{"atl":[[2.72,17.44],[2.6,9.38],[2.64,12.2],[2.68,14.88]],"id":70003365}],"con":true,"img":false}]}
{"op":"mcm","clk":"11449653673","pt":1717312897481,"mc":[{"id":"1.229554894","rc":[{"atl":[[19,0],[5.8,20.83]],"id":70003367},{"atl":[[6.4,18.52],[22,0]],"id":70003365}],"con":true,"img":false}]}
{"op":"mcm","clk":"11449655964","pt":1717312955983,"mc":[{"id":"1.229554894","rc":[{"atb":[[1.88,0],[1.78,0]],"id":70003367},{"atb":[[1.88,0],[1.78,0]],"id":70003365}],"con":true,"img":false}]}
{"op":"mcm","clk":"11449656051","pt":1717312958204,"mc":[{"id":"1.229554894","rc":[{"atb":[[1.41,36.59],[1.37,67.57],[1.39,51.28],[1.35,85.71]],"id":70003367},{"atb":[[1.46,43.48],[1.44,56.82],[1.42,71.43],[1.48,31.25]],"id":70003365}],"con":true,"img":false}]}
{"op":"mcm","clk":"11449656387","pt":1717312965929,"mc":[{"id":"1.229554894","rc":[{"atb":[[1.88,8.92],[1.78,10.06]],"id":70003367},{"atb":[[1.88,8.92],[1.78,10.06]],"id":70003365}],"con":true,"img":false}]}
{"op":"mcm","clk":"11449658596","pt":1717313021495,"mc":[{"id":"1.229554894","rc":[{"atb":[[1.48,0]],"id":70003365}],"con":true,"img":false}]}
{"op":"mcm","clk":"11449658601","pt":1717313021596,"mc":[{"id":"1.229554894","rc":[{"atl":[[2.6,0],[2.58,9.49]],"id":70003365}],"con":true,"img":false}]}
{"op":"mcm","clk":"11449658728","pt":1717313024730,"mc":[{"id":"1.229554894","rc":[{"atl":[[2.6,9.38],[2.58,0]],"id":70003365}],"con":true,"img":false}]}
{"op":"mcm","clk":"11449658738","pt":1717313024881,"mc":[{"id":"1.229554894","rc":[{"atb":[[1.41,0]],"id":70003367},{"atl":[[2.6,0],[2.58,9.49]],"id":70003365}],"con":true,"img":false}]}
{"op":"mcm","clk":"11449658778","pt":1717313025805,"mc":[{"id":"1.229554894","rc":[{"atl":[[2.6,9.38],[2.58,0]],"id":70003365}],"con":true,"img":false}]}
{"op":"mcm","clk":"11449658793","pt":1717313026018,"mc":[{"id":"1.229554894","rc":[{"atl":[[2.6,0],[2.58,9.49]],"id":70003365}],"con":true,"img":false}]}
{"op":"mcm","clk":"11449658914","pt":1717313028426,"mc":[{"id":"1.229554894","rc":[{"atl":[[2.6,9.38]],"id":70003365}],"con":true,"img":false}]}
{"op":"mcm","clk":"11449658921","pt":1717313028526,"mc":[{"id":"1.229554894","rc":[{"atl":[[2.58,0]],"id":70003365}],"con":true,"img":false}]}
{"op":"mcm","clk":"11449659858","pt":1717313050669,"mc":[{"id":"1.229554894","rc":[{"atl":[[2.6,0],[2.58,9.49]],"id":70003365}],"con":true,"img":false}]}
{"op":"mcm","clk":"11449660229","pt":1717313059621,"mc":[{"id":"1.229554894","rc":[{"atl":[[2.6,9.38],[2.58,0]],"id":70003365}],"con":true,"img":false}]}
{"op":"mcm","clk":"11449660351","pt":1717313062339,"mc":[{"id":"1.229554894","rc":[{"atl":[[2.36,0],[2.34,11.19]],"id":70003367}],"con":true,"img":false}]}
{"op":"mcm","clk":"11449660357","pt":1717313062439,"mc":[{"id":"1.229554894","rc":[{"atl":[[2.32,11.36]],"id":70003367}],"con":true,"img":false}]}
{"op":"mcm","clk":"11449660636","pt":1717313070765,"mc":[{"id":"1.229554894","rc":[{"atl":[[2.34,0],[2.48,0]],"id":70003367}],"con":true,"img":false}]}
{"op":"mcm","clk":"11449660711","pt":1717313072460,"mc":[{"id":"1.229554894","rc":[{"atl":[[2.36,14.71]],"id":70003367}],"con":true,"img":false}]}
{"op":"mcm","clk":"11449660933","pt":1717313078775,"mc":[{"id":"1.229554894","rc":[{"atl":[[2.32,0],[2.34,11.19]],"id":70003367}],"con":true,"img":false}]}
{"op":"mcm","clk":"11449664094","pt":1717313143261,"mc":[{"id":"1.229554894","rc":[{"atb":[[1.88,0],[1.78,0]],"id":70003367},{"atb":[[1.88,0],[1.78,0]],"id":70003365}],"con":true,"img":false}]}
{"op":"mcm","clk":"11449664127","pt":1717313143832,"mc":[{"id":"1.229554894","rc":[{"atb":[[1.42,35.71]],"id":70003367},{"atb":[[1.53,28.3]],"id":70003365}],"con":true,"img":false}]}
{"op":"mcm","clk":"11449664384","pt":1717313150855,"mc":[{"id":"1.229554894","rc":[{"atb":[[1.39,89.74]],"id":70003367},{"atb":[[1.5,30],[1.53,0]],"id":70003365}],"con":true,"img":false}]}
{"op":"mcm","clk":"11449664387","pt":1717313150956,"mc":[{"id":"1.229554894","rc":[{"atb":[[1.42,0],[1.39,38.46]],"id":70003367}],"con":true,"img":false}]}
{"op":"mcm","clk":"11449664524","pt":1717313153542,"mc":[{"id":"1.229554894","rc":[{"atl":[[2.32,11.36],[2.34,0]],"id":70003367}],"con":true,"img":false}]}
{"op":"mcm","clk":"11449664834","pt":1717313160843,"mc":[{"id":"1.229554894","rc":[{"atb":[[1.48,41.67]],"id":70003365}],"con":true,"img":false}]}
{"op":"mcm","clk":"11449664941","pt":1717313163474,"mc":[{"id":"1.229554894","rc":[{"atb":[[1.42,0]],"id":70003365}],"con":true,"img":false}]}
{"op":"mcm","clk":"11449664947","pt":1717313163578,"mc":[{"id":"1.229554894","rc":[{"atb":[[1.37,54.05]],"id":70003367}],"con":true,"img":false}]}
{"op":"mcm","clk":"11449665160","pt":1717313168466,"mc":[{"id":"1.229554894","rc":[{"atl":[[2.32,0],[2.34,11.19]],"id":70003367}],"con":true,"img":false}]}
{"op":"mcm","clk":"11449665503","pt":1717313176402,"mc":[{"id":"1.229554894","rc":[{"atb":[[1.88,8.92],[1.78,10.06]],"id":70003367},{"atb":[[1.88,8.92],[1.78,10.06]],"id":70003365}],"con":true,"img":false}]}
{"op":"mcm","clk":"11449666142","pt":1717313191808,"mc":[{"id":"1.229554894","rc":[{"atl":[[2.6,0],[2.58,9.49]],"id":70003365}],"con":true,"img":false}]}
{"op":"mcm","clk":"11449666574","pt":1717313200926,"mc":[{"id":"1.229554894","rc":[{"atl":[[2.36,11.03],[2.34,0]],"id":70003367},{"atl":[[2.6,9.38],[2.58,0]],"id":70003365}],"con":true,"img":false}]}
{"op":"mcm","clk":"11449666804","pt":1717313205516,"mc":[{"id":"1.229554894","rc":[{"atl":[[2.6,0],[2.66,9.04]],"id":70003365}],"con":true,"img":false}]}
{"op":"mcm","clk":"11449667070","pt":1717313210501,"mc":[{"id":"1.229554894","rc":[{"atl":[[2.64,0]],"id":70003365}],"con":true,"img":false}]}
{"op":"mcm","clk":"11449667096","pt":1717313210910,"mc":[{"id":"1.229554894","rc":[{"atl":[[2.48,20.27]],"id":70003367}],"con":true,"img":false}]}
{"op":"mcm","clk":"11449667339","pt":1717313215510,"mc":[{"id":"1.229554894","rc":[{"atb":[[1.88,0],[1.78,0]],"id":70003367},{"atb":[[1.88,0],[1.78,0]],"id":70003365},{"atl":[[2.7,11.76]],"id":70003365}],"con":true,"img":false}]}
{"op":"mcm","clk":"11449667351","pt":1717313215726,"mc":[{"id":"1.229554894","rc":[{"atb":[[1.4,37.5]],"id":70003367}],"con":true,"img":false}]}
{"op":"mcm","clk":"11449668017","pt":1717313230061,"mc":[{"id":"1.229554894","rc":[{"atb":[[1.88,8.92],[1.78,10.06]],"id":70003367},{"atb":[[1.88,8.92],[1.78,10.06]],"id":70003365}],"con":true,"img":false}]}
{"op":"mcm","clk":"11449670111","pt":1717313273218,"mc":[{"id":"1.229554894","rc":[{"atb":[[1.88,0],[1.78,0]],"id":70003367},{"atb":[[1.88,0],[1.78,0]],"id":70003365}],"con":true,"img":false}]}
{"op":"mcm","clk":"11449671569","pt":1717313301739,"mc":[{"id":"1.229554894","rc":[{"atb":[[1.88,8.92],[1.78,10.06]],"id":70003367},{"atb":[[1.88,8.92],[1.78,10.06]],"id":70003365}],"con":true,"img":false}]}
{"op":"mcm","clk":"11449673061","pt":1717313329596,"mc":[{"id":"1.229554894","rc":[{"atb":[[1.88,0],[1.78,0]],"id":70003367},{"atb":[[1.88,0],[1.78,0]],"id":70003365}],"con":true,"img":false}]}
{"op":"mcm","clk":"11449673642","pt":1717313340501,"mc":[{"id":"1.229554894","rc":[{"atb":[[1.88,8.92],[1.78,10.06]],"id":70003367},{"atb":[[1.88,8.92],[1.78,10.06]],"id":70003365}],"con":true,"img":false}]}
{"op":"mcm","clk":"11449676841","pt":1717313393936,"mc":[{"id":"1.229554894","rc":[{"atl":[[2.36,0],[2.34,11.19]],"id":70003367},{"atl":[[2.66,0],[2.64,9.15]],"id":70003365}],"con":true,"img":false}]}
{"op":"mcm","clk":"11449678401","pt":1717313415574,"mc":[{"id":"1.229554894","rc":[{"atl":[[2.36,11.03]],"id":70003367},{"atl":[[2.66,9.04]],"id":70003365}],"con":true,"img":false}]}
{"op":"mcm","clk":"11449678406","pt":1717313415677,"mc":[{"id":"1.229554894","rc":[{"atl":[[2.34,0]],"id":70003367},{"atl":[[2.64,0]],"id":70003365}],"con":true,"img":false}]}
{"op":"mcm","clk":"11449678831","pt":1717313421855,"mc":[{"id":"1.229554894","rc":[{"atb":[[1.4,0],[1.39,0]],"id":70003367},{"atl":[[2.36,0],[2.4,10.71]],"id":70003367},{"atb":[[1.5,0],[1.48,0]],"id":70003365},{"atl":[[2.7,20.58]],"id":70003365}],"con":true,"img":false}]}
{"op":"mcm","clk":"11449678863","pt":1717313421955,"mc":[{"id":"1.229554894","rc":[{"atl":[[2.66,0],[2.7,8.82]],"id":70003365}],"con":true,"img":false}]}
{"op":"mcm","clk":"11449679451","pt":1717313431893,"mc":[{"id":"1.229554894","rc":[{"atl":[[2.36,11.03]],"id":70003367},{"atl":[[2.66,9.04]],"id":70003365}],"con":true,"img":false}]}
{"op":"mcm","clk":"11449684562","pt":1717313496885,"mc":[{"id":"1.229554894","rc":[{"atl":[[2.34,11.19]],"id":70003367},{"atl":[[2.66,0],[2.64,9.15]],"id":70003365}],"con":true,"img":false}]}
{"op":"mcm","clk":"11449684572","pt":1717313496987,"mc":[{"id":"1.229554894","rc":[{"atl":[[2.36,0]],"id":70003367}],"con":true,"img":false}]}
{"op":"mcm","clk":"11449703761","pt":1717313733840,"mc":[{"id":"1.229554894","rc":[{"atb":[[1.88,0],[1.78,0]],"id":70003367},{"atb":[[1.88,0],[1.78,0]],"id":70003365}],"con":true,"img":false}]}
{"op":"mcm","clk":"11449703788","pt":1717313734151,"mc":[{"id":"1.229554894","rc":[{"atb":[[1.39,38.46]],"id":70003367},{"atb":[[1.48,31.25]],"id":70003365}],"con":true,"img":false}]}
{"op":"mcm","clk":"11449704566","pt":1717313744104,"mc":[{"id":"1.229554894","rc":[{"atb":[[1.35,157.14]],"id":70003367},{"atb":[[1.42,71.43]],"id":70003365}],"con":true,"img":false}]}
{"op":"mcm","clk":"11449704572","pt":1717313744206,"mc":[{"id":"1.229554894","rc":[{"atb":[[1.35,71.43]],"id":70003367}],"con":true,"img":false}]}
{"op":"mcm","clk":"11449705303","pt":1717313752774,"mc":[{"id":"1.229554894","rc":[{"atb":[[1.88,8.92],[1.78,10.06]],"id":70003367},{"atb":[[1.88,8.92],[1.78,10.06]],"id":70003365}],"con":true,"img":false}]}
{"op":"mcm","clk":"11449706455","pt":1717313766754,"mc":[{"id":"1.229554894","rc":[{"atl":[[2.36,11.03],[2.34,0]],"id":70003367},{"atl":[[2.64,0],[2.6,9.38],[2.58,9.49]],"id":70003365}],"con":true,"img":false}]}
{"op":"mcm","clk":"11449706463","pt":1717313766856,"mc":[{"id":"1.229554894","rc":[{"atb":[[1.39,0]],"id":70003367}],"con":true,"img":false}]}
{"op":"mcm","clk":"11449706599","pt":1717313768348,"mc":[{"id":"1.229554894","rc":[{"atl":[[2.72,0],[2.6,0],[2.68,0]],"id":70003365}],"con":true,"img":false}]}
{"op":"mcm","clk":"11449707363","pt":1717313776808,"mc":[{"id":"1.229554894","rc":[{"atl":[[2.62,12.35]],"id":70003365}],"con":true,"img":false}]}
{"op":"mcm","clk":"11449708213","pt":1717313786823,"mc":[{"id":"1.229554894","rc":[{"atl":[[2.66,15.06]],"id":70003365}],"con":true,"img":false}]}
{"op":"mcm","clk":"11449736707","pt":1717314096394,"mc":[{"id":"1.229554894","rc":[{"atb":[[1.88,0],[1.78,0]],"id":70003367},{"atb":[[1.88,0],[1.78,0]],"id":70003365}],"con":true,"img":false}]}
{"op":"mcm","clk":"11449736747","pt":1717314096812,"mc":[{"id":"1.229554894","rc":[{"atb":[[1.38,39.47]],"id":70003367}],"con":true,"img":false}]}
{"op":"mcm","clk":"11449737629","pt":1717314106807,"mc":[{"id":"1.229554894","rc":[{"atb":[[1.36,55.56]],"id":70003367}],"con":true,"img":false}]}
{"op":"mcm","clk":"11449739258","pt":1717314124126,"mc":[{"id":"1.229554894","rc":[{"atb":[[1.88,8.92],[1.78,10.06]],"id":70003367},{"atb":[[1.88,8.92],[1.78,10.06]],"id":70003365}],"con":true,"img":false}]}
{"op":"mcm","clk":"11449763580","pt":1717314396739,"mc":[{"id":"1.229554894","rc":[{"atl":[[2.36,0],[2.34,11.19]],"id":70003367},{"atb":[[1.48,0]],"id":70003365},{"atl":[[2.6,9.38],[2.58,0]],"id":70003365}],"con":true,"img":false}]}
{"op":"mcm","clk":"11449763935","pt":1717314401226,"mc":[{"id":"1.229554894","rc":[{"atl":[[2.36,11.03]],"id":70003367},{"atl":[[2.58,9.49]],"id":70003365}],"con":true,"img":false}]}
{"op":"mcm","clk":"11449763943","pt":1717314401338,"mc":[{"id":"1.229554894","rc":[{"atl":[[2.34,0]],"id":70003367},{"atl":[[2.6,0]],"id":70003365}],"con":true,"img":false}]}
{"op":"mcm","clk":"11449764792","pt":1717314411242,"mc":[{"id":"1.229554894","rc":[{"atl":[[2.6,9.38]],"id":70003365}],"con":true,"img":false}]}
{"op":"mcm","clk":"11449764803","pt":1717314411350,"mc":[{"id":"1.229554894","rc":[{"atl":[[2.36,0],[2.34,11.19]],"id":70003367},{"atl":[[2.58,0]],"id":70003365}],"con":true,"img":false}]}
{"op":"mcm","clk":"11449766639","pt":1717314431677,"mc":[{"id":"1.229554894","rc":[{"atb":[[1.88,0],[1.78,0]],"id":70003367},{"atb":[[1.88,0],[1.78,0]],"id":70003365}],"con":true,"img":false}]}
{"op":"mcm","clk":"11449766663","pt":1717314431839,"mc":[{"id":"1.229554894","rc":[{"atb":[[1.39,38.46],[1.38,0]],"id":70003367},{"atb":[[1.48,31.25]],"id":70003365}],"con":true,"img":false}]}
{"op":"mcm","clk":"11449767141","pt":1717314436654,"mc":[{"id":"1.229554894","rc":[{"atb":[[1.47,31.91]],"id":70003365}],"con":true,"img":false}]}
{"op":"mcm","clk":"11449767148","pt":1717314436758,"mc":[{"id":"1.229554894","rc":[{"atb":[[1.48,0]],"id":70003365}],"con":true,"img":false}]}
{"op":"mcm","clk":"11449767271","pt":1717314438142,"mc":[{"id":"1.229554894","rc":[{"atl":[[2.36,11.03]],"id":70003367},{"atl":[[2.62,21.61]],"id":70003365}],"con":true,"img":false}]}
{"op":"mcm","clk":"11449767282","pt":1717314438245,"mc":[{"id":"1.229554894","rc":[{"atl":[[2.34,0]],"id":70003367},{"atl":[[2.6,0],[2.62,9.26]],"id":70003365}],"con":true,"img":false}]}
{"op":"mcm","clk":"11449767953","pt":1717314446185,"mc":[{"id":"1.229554894","rc":[{"atb":[[1.88,8.92],[1.78,10.06]],"id":70003367},{"atb":[[1.88,8.92],[1.78,10.06]],"id":70003365}],"con":true,"img":false}]}
{"op":"mcm","clk":"11449768131","pt":1717314448189,"mc":[{"id":"1.229554894","rc":[{"atl":[[2.66,12.05]],"id":70003365}],"con":true,"img":false}]}
{"op":"mcm","clk":"11449768942","pt":1717314458185,"mc":[{"id":"1.229554894","rc":[{"atl":[[2.7,14.71]],"id":70003365}],"con":true,"img":false}]}
{"op":"mcm","clk":"11449769785","pt":1717314468176,"mc":[{"id":"1.229554894","rc":[{"atl":[[2.74,17.24]],"id":70003365}],"con":true,"img":false}]}
{"op":"mcm","clk":"11449782186","pt":1717314606314,"mc":[{"id":"1.229554894","rc":[{"atb":[[1.39,0]],"id":70003367}],"con":true,"img":false}]}
{"op":"mcm","clk":"11449782192","pt":1717314606417,"mc":[{"id":"1.229554894","rc":[{"atl":[[2.36,0],[2.42,10.56]],"id":70003367},{"atl":[[2.7,23.53]],"id":70003365}],"con":true,"img":false}]}
{"op":"mcm","clk":"11449782196","pt":1717314606472,"mc":[{"id":"1.229554894","rc":[{"atl":[[2.62,0],[2.7,8.82]],"id":70003365}],"con":true,"img":false}]}
{"op":"mcm","clk":"11449782383","pt":1717314609002,"mc":[{"id":"1.229554894","rc":[{"atl":[[2.4,0],[2.36,11.03]],"id":70003367},{"atl":[[2.66,0],[2.62,9.26]],"id":70003365}],"con":true,"img":false}]}
{"op":"mcm","clk":"11449782570","pt":1717314611415,"mc":[{"id":"1.229554894","rc":[{"atl":[[2.36,0]],"id":70003367},{"atl":[[2.62,0]],"id":70003365}],"con":true,"img":false}]}
{"op":"mcm","clk":"11449782641","pt":1717314612294,"mc":[{"id":"1.229554894","rc":[{"atl":[[2.36,11.03]],"id":70003367},{"atl":[[2.62,9.26]],"id":70003365}],"con":true,"img":false}]}
{"op":"mcm","clk":"11449783457","pt":1717314622340,"mc":[{"id":"1.229554894","rc":[{"atl":[[2.66,12.05]],"id":70003365}],"con":true,"img":false}]}
{"op":"mcm","clk":"11449784879","pt":1717314640567,"mc":[{"id":"1.229554894","rc":[{"atl":[[2.36,0]],"id":70003367},{"atl":[[2.62,0]],"id":70003365}],"con":true,"img":false}]}
{"op":"mcm","clk":"11449785011","pt":1717314642271,"mc":[{"id":"1.229554894","rc":[{"atl":[[2.64,9.15]],"id":70003365}],"con":true,"img":false}]}
{"op":"mcm","clk":"11449785035","pt":1717314642599,"mc":[{"id":"1.229554894","rc":[{"atl":[[2.36,11.03]],"id":70003367},{"atl":[[2.64,0],[2.58,9.49]],"id":70003365}],"con":true,"img":false}]}
{"op":"mcm","clk":"11449785066","pt":1717314642964,"mc":[{"id":"1.229554894","rc":[{"atl":[[2.36,0]],"id":70003367},{"atl":[[2.64,9.15],[2.58,0]],"id":70003365}],"con":true,"img":false}]}
{"op":"mcm","clk":"11449785842","pt":1717314652597,"mc":[{"id":"1.229554894","rc":[{"atl":[[2.46,13.7]],"id":70003367}],"con":true,"img":false}]}
{"op":"mcm","clk":"11449786573","pt":1717314661301,"mc":[{"id":"1.229554894","rc":[{"atl":[[2.4,10.71],[2.42,0]],"id":70003367},{"atl":[[2.64,0],[2.62,9.26]],"id":70003365}],"con":true,"img":false}]}
{"op":"mcm","clk":"11449786987","pt":1717314665911,"mc":[{"id":"1.229554894","rc":[{"atl":[[2.4,0],[2.38,10.87]],"id":70003367},{"atl":[[2.6,9.38],[2.62,0]],"id":70003365}],"con":true,"img":false}]}
{"op":"mcm","clk":"11449787047","pt":1717314666632,"mc":[{"id":"1.229554894","rc":[{"atb":[[1.88,0],[1.78,0]],"id":70003367},{"atb":[[1.88,0],[1.78,0]],"id":70003365}],"con":true,"img":false}]}
{"op":"mcm","clk":"11449787058","pt":1717314666687,"mc":[{"id":"1.229554894","rc":[{"atb":[[1.44,34.09]],"id":70003367},{"atl":[[2.36,11.03],[2.38,0]],"id":70003367},{"atb":[[1.49,30.61]],"id":70003365},{"atl":[[2.58,9.49]],"id":70003365}],"con":true,"img":false}]}
{"op":"mcm","clk":"11449787067","pt":1717314666790,"mc":[{"id":"1.229554894","rc":[{"atb":[[1.47,0]],"id":70003365},{"atl":[[2.6,0]],"id":70003365}],"con":true,"img":false}]}
{"op":"mcm","clk":"11449787446","pt":1717314671309,"mc":[{"id":"1.229554894","rc":[{"atl":[[2.36,0],[2.38,10.87]],"id":70003367},{"atl":[[2.6,9.38],[2.58,0]],"id":70003365}],"con":true,"img":false}]}
{"op":"mcm","clk":"11449788412","pt":1717314681376,"mc":[{"id":"1.229554894","rc":[{"atb":[[1.42,47.62]],"id":70003367}],"con":true,"img":false}]}
{"op":"mcm","clk":"11449788961","pt":1717314686841,"mc":[{"id":"1.229554894","rc":[{"atb":[[1.35,0]],"id":70003367},{"atl":[[2.4,10.71],[2.38,0]],"id":70003367},{"atl":[[2.56,9.62],[2.6,0]],"id":70003365}],"con":true,"img":false}]}
{"op":"mcm","clk":"11449789853","pt":1717314696849,"mc":[{"id":"1.229554894","rc":[{"atb":[[1.4,62.5]],"id":70003367},{"atl":[[2.6,12.5]],"id":70003365}],"con":true,"img":false}]}
{"op":"mcm","clk":"11449789916","pt":1717314697724,"mc":[{"id":"1.229554894","rc":[{"atb":[[1.36,0]],"id":70003367},{"atl":[[2.74,0],[2.66,0],[2.7,0]],"id":70003365}],"con":true,"img":false}]}
{"op":"mcm","clk":"11449789967","pt":1717314698243,"mc":[{"id":"1.229554894","rc":[{"atb":[[1.88,8.92],[1.78,10.06]],"id":70003367},{"atb":[[1.88,8.92],[1.78,10.06]],"id":70003365}],"con":true,"img":false}]}
{"op":"mcm","clk":"11449790761","pt":1717314706832,"mc":[{"id":"1.229554894","rc":[{"atl":[[2.64,15.24]],"id":70003365}],"con":true,"img":false}]}
{"op":"mcm","clk":"11449791588","pt":1717314716789,"mc":[{"id":"1.229554894","rc":[{"atl":[[2.68,17.86]],"id":70003365}],"con":true,"img":false}]}
{"op":"mcm","clk":"11449791920","pt":1717314720695,"mc":[{"id":"1.229554894","rc":[{"atl":[[2.54,9.74]],"id":70003365}],"con":true,"img":false}]}
{"op":"mcm","clk":"11449791933","pt":1717314720803,"mc":[{"id":"1.229554894","rc":[{"atb":[[1.44,0],[1.42,0]],"id":70003367},{"atb":[[1.49,0]],"id":70003365},{"atl":[[2.56,0]],"id":70003365}],"con":true,"img":false}]}
{"op":"mcm","clk":"11449792131","pt":1717314723000,"mc":[{"id":"1.229554894","rc":[{"atl":[[2.36,11.03]],"id":70003367},{"atl":[[2.56,9.62]],"id":70003365}],"con":true,"img":false}]}
{"op":"mcm","clk":"11449792140","pt":1717314723103,"mc":[{"id":"1.229554894","rc":[{"atl":[[2.4,0]],"id":70003367},{"atl":[[2.54,0]],"id":70003365}],"con":true,"img":false}]}
{"op":"mcm","clk":"11449792879","pt":1717314731732,"mc":[{"id":"1.229554894","rc":[{"atb":[[1.88,0],[1.78,0]],"id":70003367},{"atb":[[1.88,0],[1.78,0]],"id":70003365}],"con":true,"img":false}]}
{"op":"mcm","clk":"11449792921","pt":1717314732196,"mc":[{"id":"1.229554894","rc":[{"atb":[[1.42,35.71]],"id":70003367},{"atb":[[1.47,31.91]],"id":70003365}],"con":true,"img":false}]}
{"op":"mcm","clk":"11449793324","pt":1717314737132,"mc":[{"id":"1.229554894","rc":[{"atb":[[1.88,8.92],[1.78,10.06]],"id":70003367},{"atb":[[1.88,8.92],[1.78,10.06]],"id":70003365}],"con":true,"img":false}]}
{"op":"mcm","clk":"11449796703","pt":1717314777055,"mc":[{"id":"1.229554894","rc":[{"atb":[[1.88,0],[1.78,0]],"id":70003367},{"atb":[[1.88,0],[1.78,0]],"id":70003365}],"con":true,"img":false}]}
{"op":"mcm","clk":"11449797469","pt":1717314786209,"mc":[{"id":"1.229554894","rc":[{"atb":[[1.44,34.09]],"id":70003367},{"atl":[[2.36,0],[2.38,10.87]],"id":70003367},{"atb":[[1.49,30.61],[1.47,0]],"id":70003365},{"atl":[[2.5,10]],"id":70003365}],"con":true,"img":false}]}
{"op":"mcm","clk":"11449797478","pt":1717314786314,"mc":[{"id":"1.229554894","rc":[{"atl":[[2.56,0]],"id":70003365}],"con":true,"img":false}]}
{"op":"mcm","clk":"11449798310","pt":1717314796216,"mc":[{"id":"1.229554894","rc":[{"atl":[[2.54,12.99]],"id":70003365}],"con":true,"img":false}]}
{"op":"mcm","clk":"11449798933","pt":1717314804338,"mc":[{"id":"1.229554894","rc":[{"atl":[[2.6,0],[2.64,0],[2.68,0]],"id":70003365}],"con":true,"img":false}]}
{"op":"mcm","clk":"11449799075","pt":1717314806236,"mc":[{"id":"1.229554894","rc":[{"atl":[[2.58,15.82]],"id":70003365}],"con":true,"img":false}]}
{"op":"mcm","clk":"11449799957","pt":1717314816230,"mc":[{"id":"1.229554894","rc":[{"atl":[[2.62,18.52]],"id":70003365}],"con":true,"img":false}]}
{"op":"mcm","clk":"11449800959","pt":1717314827264,"mc":[{"id":"1.229554894","rc":[{"atb":[[1.88,8.92],[1.78,10.06]],"id":70003367},{"atb":[[1.88,8.92],[1.78,10.06]],"id":70003365}],"con":true,"img":false}]}
{"op":"mcm","clk":"11449822832","pt":1717315069804,"mc":[{"id":"1.229554894","rc":[{"atb":[[1.44,0],[1.42,0]],"id":70003367},{"atb":[[1.49,0]],"id":70003365}],"con":true,"img":false}]}
{"op":"mcm","clk":"11449823725","pt":1717315079807,"mc":[{"id":"1.229554894","rc":[{"atl":[[2.56,9.62],[2.5,0]],"id":70003365}],"con":true,"img":false}]}
{"op":"mcm","clk":"11449823745","pt":1717315080009,"mc":[{"id":"1.229554894","rc":[{"atl":[[2.54,0]],"id":70003365}],"con":true,"img":false}]}
{"op":"mcm","clk":"11449824606","pt":1717315089836,"mc":[{"id":"1.229554894","rc":[{"atl":[[2.6,12.5]],"id":70003365}],"con":true,"img":false}]}
{"op":"mcm","clk":"11449836720","pt":1717315147889,"mc":[{"id":"1.229554894","rc":[{"atl":[[2.4,10.71]],"id":70003367}],"con":true,"img":false}]}
{"op":"mcm","clk":"11449836732","pt":1717315148038,"mc":[{"id":"1.229554894","rc":[{"atl":[[2.38,0]],"id":70003367}],"con":true,"img":false}]}
{"op":"mcm","clk":"11449836740","pt":1717315148094,"mc":[{"id":"1.229554894","rc":[{"atl":[[2.4,0],[2.44,0],[2.48,0]],"id":70003367}],"con":true,"img":false}]}
{"op":"mcm","clk":"11449836762","pt":1717315148298,"mc":[{"id":"1.229554894","rc":[{"atl":[[5.8,0],[20,5.26]],"id":70003367}],"con":true,"img":false}]}
{"op":"mcm","clk":"11449836819","pt":1717315149116,"mc":[{"id":"1.229554894","rc":[{"atl":[[2.38,10.87]],"id":70003367}],"con":true,"img":false}]}
{"op":"mcm","clk":"11449837753","pt":1717315159102,"mc":[{"id":"1.229554894","rc":[{"atl":[[2.42,14.08]],"id":70003367}],"con":true,"img":false}]}
{"op":"mcm","clk":"11449837761","pt":1717315159206,"mc":[{"id":"1.229554894","rc":[{"atl":[[20,0],[6,20]],"id":70003367}],"con":true,"img":false}]}
{"op":"mcm","clk":"11449837792","pt":1717315159522,"mc":[{"id":"1.229554894","rc":[{"atl":[[2.34,11.19]],"id":70003367},{"atl":[[2.56,0],[2.5,10]],"id":70003365}],"con":true,"img":false}]}
{"op":"mcm","clk":"11449837815","pt":1717315159824,"mc":[{"id":"1.229554894","rc":[{"atl":[[2.4,10.71],[2.34,0]],"id":70003367},{"atl":[[2.54,9.74],[2.5,0],[2.52,9.87]],"id":70003365}],"con":true,"img":false}]}
{"op":"mcm","clk":"11449837894","pt":1717315160729,"mc":[{"id":"1.229554894","rc":[{"atb":[[1.88,0],[1.78,0]],"id":70003367},{"atl":[[2.38,0],[2.34,11.19]],"id":70003367},{"atb":[[1.88,0],[1.78,0]],"id":70003365},{"atl":[[2.56,9.62],[2.54,0],[2.5,10],[2.52,0],[2.6,0],[2.58,0],[2.62,0]],"id":70003365}],"con":true,"img":false}]}
{"op":"mcm","clk":"11449837907","pt":1717315160824,"mc":[{"id":"1.229554894","rc":[{"atl":[[6.2,19.23]],"id":70003365}],"con":true,"img":false}]}
{"op":"mcm","clk":"11449837917","pt":1717315160931,"mc":[{"id":"1.229554894","rc":[{"atb":[[1.44,34.09]],"id":70003367},{"atb":[[1.49,30.61]],"id":70003365},{"atl":[[6.4,0]],"id":70003365}],"con":true,"img":false}]}
{"op":"mcm","clk":"11449838163","pt":1717315163415,"mc":[{"id":"1.229554894","rc":[{"atb":[[1.42,35.71]],"id":70003367},{"atl":[[2.38,10.87]],"id":70003367},{"atb":[[1.49,0],[1.47,31.91]],"id":70003365},{"atl":[[2.5,0]],"id":70003365}],"con":true,"img":false}]}
{"op":"mcm","clk":"11449838176","pt":1717315163521,"mc":[{"id":"1.229554894","rc":[{"atb":[[1.44,0]],"id":70003367},{"atl":[[2.34,0]],"id":70003367},{"atl":[[6.2,0],[21,5]],"id":70003365}],"con":true,"img":false}]}
{"op":"mcm","clk":"11449838926","pt":1717315171646,"mc":[{"id":"1.229554894","rc":[{"atb":[[1.44,34.09]],"id":70003367},{"atl":[[2.38,0]],"id":70003367},{"atb":[[1.49,30.61],[1.47,0]],"id":70003365},{"atl":[[2.54,9.74],[2.5,10]],"id":70003365}],"con":true,"img":false}]}
{"op":"mcm","clk":"11449838939","pt":1717315171750,"mc":[{"id":"1.229554894","rc":[{"atl":[[2.34,11.19]],"id":70003367},{"atl":[[6.2,19.23]],"id":70003365}],"con":true,"img":false}]}
{"op":"mcm","clk":"11449838949","pt":1717315171849,"mc":[{"id":"1.229554894","rc":[{"atl":[[21,0]],"id":70003365}],"con":true,"img":false}]}
{"op":"mcm","clk":"11449838982","pt":1717315172118,"mc":[{"id":"1.229554894","rc":[{"atb":[[1.44,0]],"id":70003367},{"atl":[[2.38,10.87]],"id":70003367},{"atb":[[1.47,31.91]],"id":70003365}],"con":true,"img":false}]}
{"op":"mcm","clk":"11449838992","pt":1717315172220,"mc":[{"id":"1.229554894","rc":[{"atl":[[2.34,0]],"id":70003367},{"atb":[[1.49,0]],"id":70003365},{"atl":[[2.5,0]],"id":70003365}],"con":true,"img":false}]}
{"op":"mcm","clk":"11449839229","pt":1717315174443,"mc":[{"id":"1.229554894","rc":[{"atb":[[1.44,34.09]],"id":70003367},{"atb":[[1.49,30.61],[1.47,0]],"id":70003365},{"atl":[[2.54,0]],"id":70003365}],"con":true,"img":false}]}
{"op":"mcm","clk":"11449839260","pt":1717315174757,"mc":[{"id":"1.229554894","rc":[{"atl":[[2.38,0],[2.34,11.19]],"id":70003367},{"atl":[[2.5,10],[2.52,9.87]],"id":70003365}],"con":true,"img":false}]}
{"op":"mcm","clk":"11449839397","pt":1717315176048,"mc":[{"id":"1.229554894","rc":[{"atl":[[2.38,10.87]],"id":70003367},{"atl":[[2.54,9.74],[2.5,0]],"id":70003365}],"con":true,"img":false}]}
{"op":"mcm","clk":"11449839406","pt":1717315176152,"mc":[{"id":"1.229554894","rc":[{"atl":[[2.34,0]],"id":70003367}],"con":true,"img":false}]}
{"op":"mcm","clk":"11449839714","pt":1717315179230,"mc":[{"id":"1.229554894","rc":[{"atl":[[2.38,0]],"id":70003367},{"atl":[[2.52,0]],"id":70003365}],"con":true,"img":false}]}
{"op":"mcm","clk":"11449839933","pt":1717315181546,"mc":[{"id":"1.229554894","rc":[{"atb":[[1.41,36.59],[1.44,0]],"id":70003367},{"atb":[[1.49,0],[1.47,31.91]],"id":70003365}],"con":true,"img":false}]}
{"op":"mcm","clk":"11449840344","pt":1717315185874,"mc":[{"id":"1.229554894","rc":[{"atb":[[1.42,0]],"id":70003367},{"atl":[[2.4,0],[2.46,10.27],[2.44,10.42]],"id":70003367},{"atl":[[2.5,10]],"id":70003365}],"con":true,"img":false}]}
{"op":"mcm","clk":"11449840379","pt":1717315186241,"mc":[{"id":"1.229554894","rc":[{"atl":[[2.42,0]],"id":70003367}],"con":true,"img":false}]}
{"op":"mcm","clk":"11449840954","pt":1717315192342,"mc":[{"id":"1.229554894","rc":[{"atb":[[1.46,32.61],[1.47,0]],"id":70003365},{"atl":[[2.52,9.87]],"id":70003365}],"con":true,"img":false}]}
{"op":"mcm","clk":"11449840963","pt":1717315192445,"mc":[{"id":"1.229554894","rc":[{"atl":[[2.5,0]],"id":70003365}],"con":true,"img":false}]}
{"op":"mcm","clk":"11449841280","pt":1717315195858,"mc":[{"id":"1.229554894","rc":[{"atb":[[1.39,51.28]],"id":70003367},{"atl":[[2.48,13.51]],"id":70003367}],"con":true,"img":false}]}
{"op":"mcm","clk":"11449841833","pt":1717315200975,"mc":[{"id":"1.229554894","rc":[{"atb":[[1.88,8.92],[1.78,10.06]],"id":70003367},{"atb":[[1.88,8.92],[1.78,10.06]],"id":70003365}],"con":true,"img":false}]}
{"op":"mcm","clk":"11449841996","pt":1717315202381,"mc":[{"id":"1.229554894","rc":[{"atl":[[2.56,12.82]],"id":70003365}],"con":true,"img":false}]}
{"op":"mcm","clk":"11449842392","pt":1717315205866,"mc":[{"id":"1.229554894","rc":[{"atl":[[2.52,16.45]],"id":70003367}],"con":true,"img":false}]}
{"op":"mcm","clk":"11449842903","pt":1717315210692,"mc":[{"id":"1.229554894","rc":[{"atb":[[1.46,0]],"id":70003365}],"con":true,"img":false}]}
{"op":"mcm","clk":"11449843101","pt":1717315212366,"mc":[{"id":"1.229554894","rc":[{"atl":[[2.38,10.87],[2.44,0]],"id":70003367},{"atl":[[2.5,10]],"id":70003365}],"con":true,"img":false}]}
{"op":"mcm","clk":"11449843231","pt":1717315213663,"mc":[{"id":"1.229554894","rc":[{"atl":[[2.5,0]],"id":70003365}],"con":true,"img":false}]}
{"op":"mcm","clk":"11449844134","pt":1717315222415,"mc":[{"id":"1.229554894","rc":[{"atl":[[2.6,15.62]],"id":70003365}],"con":true,"img":false}]}
{"op":"mcm","clk":"11449846516","pt":1717315247732,"mc":[{"id":"1.229554894","rc":[{"atb":[[1.88,0],[1.78,0]],"id":70003367},{"atb":[[1.88,0],[1.78,0]],"id":70003365}],"con":true,"img":false}]}
{"op":"mcm","clk":"11449846627","pt":1717315248306,"mc":[{"id":"1.229554894","rc":[{"atb":[[1.41,0],[1.45,33.33]],"id":70003367},{"atb":[[1.52,28.85]],"id":70003365}],"con":true,"img":false}]}
{"op":"mcm","clk":"11449846804","pt":1717315249917,"mc":[{"id":"1.229554894","rc":[{"atb":[[1.46,32.61],[1.45,0]],"id":70003367},{"atb":[[1.48,31.25],[1.52,0]],"id":70003365}],"con":true,"img":false}]}
{"op":"mcm","clk":"11449846934","pt":1717315251344,"mc":[{"id":"1.229554894","rc":[{"atb":[[1.46,0],[1.47,31.91]],"id":70003367},{"atl":[[2.4,10.71],[2.38,0]],"id":70003367},{"atl":[[2.52,0]],"id":70003365}],"con":true,"img":false}]}
{"op":"mcm","clk":"11449847217","pt":1717315254250,"mc":[{"id":"1.229554894","rc":[{"atb":[[1.46,32.61],[1.47,0]],"id":70003367}],"con":true,"img":false}]}
{"op":"mcm","clk":"11449847547","pt":1717315258119,"mc":[{"id":"1.229554894","rc":[{"atb":[[1.8,9.8],[1.9,8.72]],"id":70003367},{"atb":[[1.85,9.23],[1.75,10.46]],"id":70003365}],"con":true,"img":false}]}
{"op":"mcm","clk":"11449847717","pt":1717315259909,"mc":[{"id":"1.229554894","rc":[{"atl":[[2.58,12.66]],"id":70003365}],"con":true,"img":false}]}
{"op":"mcm","clk":"11449847821","pt":1717315261154,"mc":[{"id":"1.229554894","rc":[{"atb":[[1.6,2]],"id":70003367},{"atl":[[2.28,2]],"id":70003367},{"atb":[[1.86,2]],"id":70003365},{"atl":[[2.5,2]],"id":70003365}],"con":true,"img":false}]}
{"op":"mcm","clk":"11449848356","pt":1717315266243,"mc":[{"id":"1.229554894","rc":[{"atl":[[2.3,2],[2.28,0]],"id":70003367}],"con":true,"img":false}]}
{"op":"mcm","clk":"11449848375","pt":1717315266497,"mc":[{"id":"1.229554894","rc":[{"atl":[[2.4,0],[2.38,10.87]],"id":70003367},{"atl":[[2.54,0],[2.52,9.87]],"id":70003365}],"con":true,"img":false}]}
{"op":"mcm","clk":"11449848518","pt":1717315267956,"mc":[{"id":"1.229554894","rc":[{"atl":[[2.54,9.74]],"id":70003365}],"con":true,"img":false}]}
{"op":"mcm","clk":"11449848527","pt":1717315268054,"mc":[{"id":"1.229554894","rc":[{"atl":[[2.38,0],[2.34,11.19]],"id":70003367},{"atl":[[2.52,0]],"id":70003365}],"con":true,"img":false}]}
{"op":"mcm","clk":"11449849458","pt":1717315277969,"mc":[{"id":"1.229554894","rc":[{"atl":[[2.38,14.49]],"id":70003367}],"con":true,"img":false}]}
{"op":"mcm","clk":"11449849642","pt":1717315279676,"mc":[{"id":"1.229554894","rc":[{"atl":[[2.52,0],[2.48,0]],"id":70003367}],"con":true,"img":false}]}
{"op":"mcm","clk":"11449850451","pt":1717315287999,"mc":[{"id":"1.229554894","rc":[{"atl":[[2.42,17.61]],"id":70003367}],"con":true,"img":false}]}
{"op":"mcm","clk":"11449851183","pt":1717315295523,"mc":[{"id":"1.229554894","rc":[{"atb":[[1.8,0],[1.9,0]],"id":70003367},{"atb":[[1.85,0],[1.75,0]],"id":70003365}],"con":true,"img":false}]}
{"op":"mcm","clk":"11449851196","pt":1717315295583,"mc":[{"id":"1.229554894","rc":[{"atb":[[1.74,2]],"id":70003365}],"con":true,"img":false}]}
{"op":"mcm","clk":"11449851204","pt":1717315295685,"mc":[{"id":"1.229554894","rc":[{"atl":[[2.3,0],[2.28,2]],"id":70003367},{"atb":[[1.86,0]],"id":70003365}],"con":true,"img":false}]}
{"op":"mcm","clk":"11449851437","pt":1717315298000,"mc":[{"id":"1.229554894","rc":[{"atb":[[1.44,45.45]],"id":70003367}],"con":true,"img":false}]}
{"op":"mcm","clk":"11449851690","pt":1717315300715,"mc":[{"id":"1.229554894","rc":[{"atb":[[1.74,0],[1.76,2]],"id":70003365}],"con":true,"img":false}]}
{"op":"mcm","clk":"11449852174","pt":1717315305714,"mc":[{"id":"1.229554894","rc":[{"atb":[[1.46,43.48]],"id":70003365}],"con":true,"img":false}]}
{"op":"mcm","clk":"11449852379","pt":1717315307987,"mc":[{"id":"1.229554894","rc":[{"atb":[[1.37,0],[1.42,59.52]],"id":70003367}],"con":true,"img":false}]}
{"op":"mcm","clk":"11449853323","pt":1717315318016,"mc":[{"id":"1.229554894","rc":[{"atb":[[1.4,137.5]],"id":70003367}],"con":true,"img":false}]}
{"op":"mcm","clk":"11449853334","pt":1717315318117,"mc":[{"id":"1.229554894","rc":[{"atb":[[1.4,75],[1.39,0]],"id":70003367}],"con":true,"img":false}]}
{"op":"mcm","clk":"11449853636","pt":1717315320819,"mc":[{"id":"1.229554894","rc":[{"atl":[[2.36,2],[2.28,0]],"id":70003367},{"atb":[[1.71,2],[1.76,0]],"id":70003365}],"con":true,"img":false}]}
{"op":"mcm","clk":"11449854046","pt":1717315324750,"mc":[{"id":"1.229554894","rc":[{"atb":[[1.7,2],[1.71,0]],"id":70003365}],"con":true,"img":false}]}
{"op":"mcm","clk":"11449854444","pt":1717315328623,"mc":[{"id":"1.229554894","rc":[{"atl":[[2.38,16.49]],"id":70003367}],"con":true,"img":false}]}
{"op":"mcm","clk":"11449854454","pt":1717315328721,"mc":[{"id":"1.229554894","rc":[{"atl":[[2.36,0]],"id":70003367}],"con":true,"img":false}]}
{"op":"mcm","clk":"11449854561","pt":1717315329854,"mc":[{"id":"1.229554894","rc":[{"atb":[[1.66,2]],"id":70003365}],"con":true,"img":false}]}
{"op":"mcm","clk":"11449854569","pt":1717315329957,"mc":[{"id":"1.229554894","rc":[{"atb":[[1.7,0]],"id":70003365}],"con":true,"img":false}]}
{"op":"mcm","clk":"11449854719","pt":1717315331356,"mc":[{"id":"1.229554894","rc":[{"atb":[[1.83,9.45],[1.93,8.43]],"id":70003367},{"atb":[[1.81,9.68],[1.71,11.05]],"id":70003365}],"con":true,"img":false}]}
{"op":"mcm","clk":"11449854981","pt":1717315333728,"mc":[{"id":"1.229554894","rc":[{"atl":[[2.42,19.61]],"id":70003367}],"con":true,"img":false}]}
{"op":"mcm","clk":"11449854992","pt":1717315333833,"mc":[{"id":"1.229554894","rc":[{"atl":[[2.38,14.49]],"id":70003367}],"con":true,"img":false}]}
{"op":"mcm","clk":"11449855108","pt":1717315334961,"mc":[{"id":"1.229554894","rc":[{"atb":[[1.82,2]],"id":70003365}],"con":true,"img":false}]}
{"op":"mcm","clk":"11449855116","pt":1717315335063,"mc":[{"id":"1.229554894","rc":[{"atb":[[1.66,0]],"id":70003365}],"con":true,"img":false}]}
{"op":"mcm","clk":"11449858490","pt":1717315367587,"mc":[{"id":"1.229554894","rc":[{"atb":[[1.83,0],[1.93,0]],"id":70003367},{"atb":[[1.81,0],[1.71,0]],"id":70003365}],"con":true,"img":false}]}
{"op":"mcm","clk":"11449858498","pt":1717315367691,"mc":[{"id":"1.229554894","rc":[{"atl":[[2.38,16.49]],"id":70003367}],"con":true,"img":false}]}
{"op":"mcm","clk":"11449858509","pt":1717315367795,"mc":[{"id":"1.229554894","rc":[{"atl":[[2.42,17.61]],"id":70003367},{"atb":[[1.82,0],[1.69,2]],"id":70003365}],"con":true,"img":false}]}
{"op":"mcm","clk":"11449858890","pt":1717315371464,"mc":[{"id":"1.229554894","rc":[{"atb":[[1.46,0],[1.44,34.09]],"id":70003367},{"atb":[[1.46,32.61],[1.48,0]],"id":70003365}],"con":true,"img":false}]}
{"op":"mcm","clk":"11449859539","pt":1717315378477,"mc":[{"id":"1.229554894","rc":[{"atb":[[1.83,9.45],[1.93,8.43]],"id":70003367},{"atb":[[1.81,9.68],[1.71,11.05]],"id":70003365}],"con":true,"img":false}]}
{"op":"mcm","clk":"11449859549","pt":1717315378584,"mc":[{"id":"1.229554894","rc":[{"atl":[[2.42,19.61],[2.44,10.42]],"id":70003367},{"atb":[[1.82,2],[1.69,0]],"id":70003365},{"atl":[[2.5,12]],"id":70003365}],"con":true,"img":false}]}
{"op":"mcm","clk":"11449859560","pt":1717315378685,"mc":[{"id":"1.229554894","rc":[{"atl":[[2.38,14.49],[2.34,0]],"id":70003367},{"atl":[[2.54,0]],"id":70003365}],"con":true,"img":false}]}
{"op":"mcm","clk":"11449859825","pt":1717315381421,"mc":[{"id":"1.229554894","rc":[{"atl":[[2.38,0]],"id":70003367}],"con":true,"img":false}]}
{"op":"mcm","clk":"11449859875","pt":1717315381991,"mc":[{"id":"1.229554894","rc":[{"atb":[[1.44,0]],"id":70003367},{"atl":[[2.42,2]],"id":70003367}],"con":true,"img":false}]}
{"op":"mcm","clk":"11449860121","pt":1717315384527,"mc":[{"id":"1.229554894","rc":[{"atl":[[2.4,2]],"id":70003367}],"con":true,"img":false}]}
{"op":"mcm","clk":"11449860131","pt":1717315384600,"mc":[{"id":"1.229554894","rc":[{"atl":[[2.42,0]],"id":70003367}],"con":true,"img":false}]}
{"op":"mcm","clk":"11449860497","pt":1717315388611,"mc":[{"id":"1.229554894","rc":[{"atl":[[2.48,13.51]],"id":70003367}],"con":true,"img":false}]}
{"op":"mcm","clk":"11449861243","pt":1717315396332,"mc":[{"id":"1.229554894","rc":[{"atb":[[1.6,0]],"id":70003367},{"atl":[[2.4,0]],"id":70003367},{"atb":[[1.82,0]],"id":70003365},{"atl":[[2.5,10]],"id":70003365}],"con":true,"img":false}]}
{"op":"mcm","clk":"11449861487","pt":1717315398708,"mc":[{"id":"1.229554894","rc":[{"atl":[[2.52,16.45]],"id":70003367}],"con":true,"img":false}]}
{"op":"mcm","clk":"11449864595","pt":1717315429472,"mc":[{"id":"1.229554894","rc":[{"atl":[[2.44,0],[2.34,11.19]],"id":70003367},{"atl":[[2.54,9.74],[2.5,0]],"id":70003365}],"con":true,"img":false}]}
{"op":"mcm","clk":"11449865205","pt":1717315435206,"mc":[{"id":"1.229554894","rc":[{"atl":[[2.44,10.42],[2.34,0]],"id":70003367},{"atl":[[2.5,10]],"id":70003365}],"con":true,"img":false}]}
{"op":"mcm","clk":"11449865215","pt":1717315435310,"mc":[{"id":"1.229554894","rc":[{"atl":[[2.54,0]],"id":70003365}],"con":true,"img":false}]}
{"op":"mcm","clk":"11449865750","pt":1717315440286,"mc":[{"id":"1.229554894","rc":[{"atl":[[2.44,0],[2.34,11.19]],"id":70003367},{"atl":[[2.54,9.74],[2.5,0]],"id":70003365}],"con":true,"img":false}]}
{"op":"mcm","clk":"11449866674","pt":1717315448732,"mc":[{"id":"1.229554894","rc":[{"atl":[[2.44,10.42],[2.34,0]],"id":70003367},{"atl":[[2.54,0],[2.5,10]],"id":70003365}],"con":true,"img":false}]}
{"op":"mcm","clk":"11449867563","pt":1717315457150,"mc":[{"id":"1.229554894","rc":[{"atl":[[2.44,0],[2.34,11.19]],"id":70003367},{"atl":[[2.54,9.74],[2.5,0]],"id":70003365}],"con":true,"img":false}]}
{"op":"mcm","clk":"11449867665","pt":1717315458189,"mc":[{"id":"1.229554894","rc":[{"atl":[[2.44,10.42],[2.34,0]],"id":70003367},{"atl":[[2.54,0],[2.5,10]],"id":70003365}],"con":true,"img":false}]}
{"op":"mcm","clk":"11449868083","pt":1717315462365,"mc":[{"id":"1.229554894","rc":[{"atl":[[2.44,0],[2.34,11.19]],"id":70003367},{"atl":[[2.54,9.74],[2.5,0]],"id":70003365}],"con":true,"img":false}]}
{"op":"mcm","clk":"11449869172","pt":1717315472392,"mc":[{"id":"1.229554894","rc":[{"atl":[[2.38,14.49]],"id":70003367}],"con":true,"img":false}]}
{"op":"mcm","clk":"11449869937","pt":1717315478903,"mc":[{"id":"1.229554894","rc":[{"atb":[[1.6,2]],"id":70003367},{"atl":[[2.38,16.49],[2.52,0],[2.48,0]],"id":70003367},{"atb":[[1.82,2]],"id":70003365},{"atl":[[2.5,2]],"id":70003365}],"con":true,"img":false}]}
{"op":"mcm","clk":"11449869950","pt":1717315479016,"mc":[{"id":"1.229554894","rc":[{"atl":[[2.5,0],[2.52,2]],"id":70003365}],"con":true,"img":false}]}
{"op":"mcm","clk":"11449870323","pt":1717315482379,"mc":[{"id":"1.229554894","rc":[{"atl":[[2.42,17.61]],"id":70003367}],"con":true,"img":false}]}
{"op":"mcm","clk":"11449876890","pt":1717315546760,"mc":[{"id":"1.229554894","rc":[{"atl":[[2.36,11.03],[2.34,0]],"id":70003367}],"con":true,"img":false}]}
{"op":"mcm","clk":"11449878842","pt":1717315567800,"mc":[{"id":"1.229554894","rc":[{"atb":[[1.83,0],[1.93,0]],"id":70003367},{"atb":[[1.81,0],[1.71,0]],"id":70003365}],"con":true,"img":false}]}
{"op":"mcm","clk":"11449878851","pt":1717315567905,"mc":[{"id":"1.229554894","rc":[{"atl":[[2.36,0],[2.4,10.71],[2.38,10.87],[2.34,2]],"id":70003367},{"atb":[[1.82,0],[1.72,2]],"id":70003365},{"atl":[[2.54,0],[2.52,11.87]],"id":70003365}],"con":true,"img":false}]}
{"op":"mcm","clk":"11449879117","pt":1717315570613,"mc":[{"id":"1.229554894","rc":[{"atb":[[1.45,33.33]],"id":70003367},{"atl":[[2.38,0]],"id":70003367},{"atb":[[1.47,31.91]],"id":70003365},{"atl":[[2.54,9.74],[2.52,2]],"id":70003365}],"con":true,"img":false}]}
{"op":"mcm","clk":"11449879521","pt":1717315574445,"mc":[{"id":"1.229554894","rc":[{"atb":[[1.44,34.09]],"id":70003367},{"atl":[[2.4,0],[2.42,10.56]],"id":70003367},{"atb":[[1.45,33.33]],"id":70003365},{"atl":[[2.56,9.62],[2.54,0]],"id":70003365}],"con":true,"img":false}]}
{"op":"mcm","clk":"11449879534","pt":1717315574502,"mc":[{"id":"1.229554894","rc":[{"atb":[[1.45,0]],"id":70003367},{"atb":[[1.47,0]],"id":70003365}],"con":true,"img":false}]}
{"op":"mcm","clk":"11449879760","pt":1717315576934,"mc":[{"id":"1.229554894","rc":[{"atb":[[1.45,33.33]],"id":70003367},{"atl":[[2.4,10.71]],"id":70003367},{"atb":[[1.46,0],[1.47,31.91]],"id":70003365},{"atl":[[2.54,9.74]],"id":70003365}],"con":true,"img":false}]}
{"op":"mcm","clk":"11449879932","pt":1717315578502,"mc":[{"id":"1.229554894","rc":[{"atb":[[1.45,0]],"id":70003367},{"atl":[[2.4,0]],"id":70003367},{"atb":[[1.47,0]],"id":70003365},{"atl":[[2.54,0]],"id":70003365}],"con":true,"img":false}]}
{"op":"mcm","clk":"11449879954","pt":1717315578717,"mc":[{"id":"1.229554894","rc":[{"atb":[[1.45,33.33]],"id":70003367},{"atl":[[2.4,10.71]],"id":70003367},{"atb":[[1.47,31.91]],"id":70003365},{"atl":[[2.54,9.74]],"id":70003365}],"con":true,"img":false}]}
{"op":"mcm","clk":"11449880470","pt":1717315583536,"mc":[{"id":"1.229554894","rc":[{"atb":[[1.45,0]],"id":70003367},{"atb":[[1.47,0]],"id":70003365}],"con":true,"img":false}]}
{"op":"mcm","clk":"11449880481","pt":1717315583636,"mc":[{"id":"1.229554894","rc":[{"atl":[[2.4,0]],"id":70003367},{"atl":[[2.54,0]],"id":70003365}],"con":true,"img":false}]}
{"op":"mcm","clk":"11449880648","pt":1717315585344,"mc":[{"id":"1.229554894","rc":[{"atb":[[1.45,33.33]],"id":70003367},{"atl":[[2.4,10.71]],"id":70003367},{"atb":[[1.47,31.91]],"id":70003365},{"atl":[[2.54,9.74]],"id":70003365}],"con":true,"img":false}]}
{"op":"mcm","clk":"11449880710","pt":1717315585926,"mc":[{"id":"1.229554894","rc":[{"atb":[[1.45,0]],"id":70003367},{"atl":[[2.4,0]],"id":70003367},{"atb":[[1.47,0]],"id":70003365},{"atl":[[2.54,0]],"id":70003365}],"con":true,"img":false}]}
{"op":"mcm","clk":"11449880795","pt":1717315586697,"mc":[{"id":"1.229554894","rc":[{"atb":[[1.45,33.33]],"id":70003367},{"atl":[[2.4,10.71]],"id":70003367},{"atb":[[1.47,31.91]],"id":70003365},{"atl":[[2.54,9.74]],"id":70003365}],"con":true,"img":false}]}
{"op":"mcm","clk":"11449880945","pt":1717315588312,"mc":[{"id":"1.229554894","rc":[{"atb":[[1.45,0],[1.38,39.47]],"id":70003367},{"atb":[[1.4,37.5],[1.47,0]],"id":70003365}],"con":true,"img":false}]}
{"op":"mcm","clk":"11449881190","pt":1717315590550,"mc":[{"id":"1.229554894","rc":[{"atb":[[1.44,0]],"id":70003367},{"atb":[[1.45,0]],"id":70003365}],"con":true,"img":false}]}
{"op":"mcm","clk":"11449881242","pt":1717315591024,"mc":[{"id":"1.229554894","rc":[{"atb":[[1.42,0]],"id":70003367},{"atb":[[1.44,0]],"id":70003365}],"con":true,"img":false}]}
{"op":"mcm","clk":"11449881276","pt":1717315591343,"mc":[{"id":"1.229554894","rc":[{"atb":[[1.4,0]],"id":70003367},{"atl":[[2.4,12.71],[2.34,0]],"id":70003367},{"atb":[[1.72,0],[1.42,0],[1.69,2]],"id":70003365}],"con":true,"img":false}]}
{"op":"mcm","clk":"11449881361","pt":1717315592227,"mc":[{"id":"1.229554894","rc":[{"atl":[[2.4,2]],"id":70003367},{"atl":[[2.54,0]],"id":70003365}],"con":true,"img":false}]}
{"op":"mcm","clk":"11449881545","pt":1717315594040,"mc":[{"id":"1.229554894","rc":[{"atl":[[2.4,12.71]],"id":70003367},{"atl":[[2.54,9.74]],"id":70003365}],"con":true,"img":false}]}
{"op":"mcm","clk":"11449881692","pt":1717315595544,"mc":[{"id":"1.229554894","rc":[{"atl":[[2.4,2]],"id":70003367},{"atl":[[2.54,0]],"id":70003365}],"con":true,"img":false}]}
{"op":"mcm","clk":"11449881731","pt":1717315595955,"mc":[{"id":"1.229554894","rc":[{"atl":[[2.4,0],[2.38,2]],"id":70003367}],"con":true,"img":false}]}
{"op":"mcm","clk":"11449881758","pt":1717315596227,"mc":[{"id":"1.229554894","rc":[{"atl":[[2.4,2],[2.38,0]],"id":70003367},{"atb":[[1.68,2],[1.69,0]],"id":70003365}],"con":true,"img":false}]}
{"op":"mcm","clk":"11449881997","pt":1717315598967,"mc":[{"id":"1.229554894","rc":[{"atl":[[2.4,12.71]],"id":70003367},{"atl":[[2.54,9.74]],"id":70003365}],"con":true,"img":false}]}
{"op":"mcm","clk":"11449882004","pt":1717315599065,"mc":[{"id":"1.229554894","rc":[{"atb":[[1.6,0],[1.61,2]],"id":70003367},{"atl":[[2.5,2],[2.52,0]],"id":70003365}],"con":true,"img":false}]}
{"op":"mcm","clk":"11449882301","pt":1717315602030,"mc":[{"id":"1.229554894","rc":[{"atb":[[1.83,9.45],[1.93,8.43]],"id":70003367},{"atb":[[1.81,9.68],[1.71,11.05]],"id":70003365}],"con":true,"img":false}]}
{"op":"mcm","clk":"11449882321","pt":1717315602244,"mc":[{"id":"1.229554894","rc":[{"atb":[[1.82,2],[1.68,0]],"id":70003365}],"con":true,"img":false}]}
{"op":"mcm","clk":"11449882757","pt":1717315606348,"mc":[{"id":"1.229554894","rc":[{"atl":[[2.4,2],[2.44,10.42]],"id":70003367},{"atl":[[2.54,0],[2.58,9.49]],"id":70003365}],"con":true,"img":false}]}
{"op":"mcm","clk":"11449883123","pt":1717315609770,"mc":[{"id":"1.229554894","rc":[{"atl":[[2.4,12.71]],"id":70003367},{"atl":[[2.54,9.74],[2.6,25]],"id":70003365}],"con":true,"img":false}]}
{"op":"mcm","clk":"11449883133","pt":1717315609871,"mc":[{"id":"1.229554894","rc":[{"atl":[[2.56,0],[2.6,9.38]],"id":70003365}],"con":true,"img":false}]}
{"op":"mcm","clk":"11449883282","pt":1717315611077,"mc":[{"id":"1.229554894","rc":[{"atl":[[2.54,0]],"id":70003365}],"con":true,"img":false}]}
{"op":"mcm","clk":"11449883340","pt":1717315611545,"mc":[{"id":"1.229554894","rc":[{"atl":[[2.58,0]],"id":70003365}],"con":true,"img":false}]}
{"op":"mcm","clk":"11449884140","pt":1717315619763,"mc":[{"id":"1.229554894","rc":[{"atl":[[2.64,12.2]],"id":70003365}],"con":true,"img":false}]}
{"op":"mcm","clk":"11449885233","pt":1717315629759,"mc":[{"id":"1.229554894","rc":[{"atl":[[2.68,14.88]],"id":70003365}],"con":true,"img":false}]}
{"op":"mcm","clk":"11449885258","pt":1717315630064,"mc":[{"id":"1.229554894","rc":[{"atl":[[2.4,2]],"id":70003367},{"atl":[[2.62,9.26]],"id":70003365}],"con":true,"img":false}]}
{"op":"mcm","clk":"11449885265","pt":1717315630171,"mc":[{"id":"1.229554894","rc":[{"atl":[[2.6,0]],"id":70003365}],"con":true,"img":false}]}
{"op":"mcm","clk":"11449885402","pt":1717315631567,"mc":[{"id":"1.229554894","rc":[{"atl":[[2.4,12.71],[2.38,10.87]],"id":70003367},{"atb":[[1.4,0]],"id":70003365},{"atl":[[2.56,9.62],[2.6,9.38],[2.58,9.49]],"id":70003365}],"con":true,"img":false}]}
{"op":"mcm","clk":"11449885418","pt":1717315631773,"mc":[{"id":"1.229554894","rc":[{"atl":[[2.4,2],[2.42,0],[2.38,0],[2.46,0]],"id":70003367},{"atl":[[2.56,0],[2.6,0],[2.64,0],[2.68,0]],"id":70003365}],"con":true,"img":false}]}
{"op":"mcm","clk":"11449885431","pt":1717315631882,"mc":[{"id":"1.229554894","rc":[{"atl":[[2.44,0]],"id":70003367},{"atl":[[2.58,0],[2.62,0]],"id":70003365}],"con":true,"img":false}]}
{"op":"mcm","clk":"11449885439","pt":1717315631981,"mc":[{"id":"1.229554894","rc":[{"atl":[[2.54,19.48],[2.5,20],[2.42,14.08],[2.38,10.87],[2.46,17.12]],"id":70003367},{"atl":[[2.56,9.62],[2.6,9.38],[2.64,15.24],[2.66,15.06],[2.58,9.49],[2.62,12.35],[2.68,17.86],[2.7,17.65]],"id":70003365}],"con":true,"img":false}]}
{"op":"mcm","clk":"11449885449","pt":1717315632084,"mc":[{"id":"1.229554894","rc":[{"atl":[[2.4,0],[2.36,8.94],[19.5,5.41],[6,0]],"id":70003367},{"atl":[[2.56,0],[6.2,0],[21,5],[2.6,0],[2.64,0],[2.66,0],[2.58,0],[2.62,0],[2.68,0],[2.7,0]],"id":70003365}],"con":true,"img":false}]}
{"op":"mcm","clk":"11449885858","pt":1717315635873,"mc":[{"id":"1.229554894","rc":[{"atl":[[2.54,0],[2.42,10.56],[2.38,0]],"id":70003367},{"atl":[[2.56,9.62],[2.6,12.5],[2.64,15.24],[2.68,17.86]],"id":70003365}],"con":true,"img":false}]}
{"op":"mcm","clk":"11449885997","pt":1717315637173,"mc":[{"id":"1.229554894","rc":[{"atl":[[2.4,12.71],[2.42,0],[2.44,10.42]],"id":70003367},{"atl":[[2.56,0],[2.54,9.74]],"id":70003365}],"con":true,"img":false}]}
{"op":"mcm","clk":"11449886010","pt":1717315637275,"mc":[{"id":"1.229554894","rc":[{"atl":[[2.36,0]],"id":70003367}],"con":true,"img":false}]}
{"op":"mcm","clk":"11449886125","pt":1717315638369,"mc":[{"id":"1.229554894","rc":[{"atl":[[2.54,0],[2.52,9.87]],"id":70003365}],"con":true,"img":false}]}
{"op":"mcm","clk":"11449886409","pt":1717315641477,"mc":[{"id":"1.229554894","rc":[{"atl":[[19.5,0],[6,20]],"id":70003367},{"atl":[[21,0],[6.2,19.23]],"id":70003365}],"con":true,"img":false}]}
{"op":"mcm","clk":"11449886565","pt":1717315642919,"mc":[{"id":"1.229554894","rc":[{"atb":[[1.83,0],[1.93,0]],"id":70003367},{"atb":[[1.81,0],[1.71,0]],"id":70003365}],"con":true,"img":false}]}
{"op":"mcm","clk":"11449886576","pt":1717315643026,"mc":[{"id":"1.229554894","rc":[{"atl":[[2.4,0],[2.34,2]],"id":70003367},{"atl":[[2.56,9.62],[2.52,0]],"id":70003365}],"con":true,"img":false}]}
{"op":"mcm","clk":"11449886589","pt":1717315643084,"mc":[{"id":"1.229554894","rc":[{"atb":[[1.82,0],[1.72,2]],"id":70003365}],"con":true,"img":false}]}
{"op":"mcm","clk":"11449886613","pt":1717315643299,"mc":[{"id":"1.229554894","rc":[{"atb":[[1.4,37.5],[1.36,69.44],[1.34,88.24],[1.38,52.63]],"id":70003365}],"con":true,"img":false}]}
{"op":"mcm","clk":"11449886794","pt":1717315644973,"mc":[{"id":"1.229554894","rc":[{"atb":[[1.72,0],[1.71,2]],"id":70003365},{"atl":[[2.56,0],[2.58,9.49]],"id":70003365}],"con":true,"img":false}]}
{"op":"mcm","clk":"11449886884","pt":1717315645915,"mc":[{"id":"1.229554894","rc":[{"atb":[[1.4,37.5]],"id":70003367}],"con":true,"img":false}]}
{"op":"mcm","clk":"11449887117","pt":1717315648096,"mc":[{"id":"1.229554894","rc":[{"atl":[[2.36,2],[2.34,0]],"id":70003367}],"con":true,"img":false}]}
{"op":"mcm","clk":"11449887294","pt":1717315649705,"mc":[{"id":"1.229554894","rc":[{"atb":[[1.4,0]],"id":70003367},{"atl":[[2.4,10.71]],"id":70003367},{"atl":[[2.54,9.74],[2.58,0]],"id":70003365}],"con":true,"img":false}]}
{"op":"mcm","clk":"11449887312","pt":1717315649913,"mc":[{"id":"1.229554894","rc":[{"atl":[[2.4,0]],"id":70003367}],"con":true,"img":false}]}
{"op":"mcm","clk":"11449887387","pt":1717315650683,"mc":[{"id":"1.229554894","rc":[{"atl":[[2.54,0],[2.58,9.49]],"id":70003365}],"con":true,"img":false}]}
{"op":"mcm","clk":"11449887474","pt":1717315651719,"mc":[{"id":"1.229554894","rc":[{"atb":[[1.37,40.54],[1.38,0]],"id":70003367},{"atb":[[1.4,0],[1.43,34.88]],"id":70003365}],"con":true,"img":false}]}
{"op":"mcm","clk":"11449887502","pt":1717315651981,"mc":[{"id":"1.229554894","rc":[{"atb":[[1.4,37.5]],"id":70003365},{"atl":[[2.6,21.88]],"id":70003365}],"con":true,"img":false}]}
{"op":"mcm","clk":"11449887510","pt":1717315652132,"mc":[{"id":"1.229554894","rc":[{"atb":[[1.38,39.47]],"id":70003367},{"atl":[[2.4,10.71]],"id":70003367},{"atb":[[1.43,0]],"id":70003365},{"atl":[[2.6,9.38],[2.58,0]],"id":70003365}],"con":true,"img":false}]}
{"op":"mcm","clk":"11449887629","pt":1717315653325,"mc":[{"id":"1.229554894","rc":[{"atb":[[1.38,0]],"id":70003367},{"atl":[[2.4,0]],"id":70003367},{"atb":[[1.4,0],[1.43,34.88]],"id":70003365},{"atl":[[2.58,9.49]],"id":70003365}],"con":true,"img":false}]}
{"op":"mcm","clk":"11449887670","pt":1717315653686,"mc":[{"id":"1.229554894","rc":[{"atl":[[2.4,10.71]],"id":70003367},{"atl":[[2.58,0]],"id":70003365}],"con":true,"img":false}]}
{"op":"mcm","clk":"11449887881","pt":1717315655703,"mc":[{"id":"1.229554894","rc":[{"atl":[[2.58,9.49]],"id":70003365}],"con":true,"img":false}]}
{"op":"mcm","clk":"11449888014","pt":1717315657106,"mc":[{"id":"1.229554894","rc":[{"atb":[[1.39,38.46]],"id":70003367},{"atl":[[2.4,0],[2.42,10.56],[2.38,10.87]],"id":70003367},{"atl":[[2.56,9.62],[2.58,0]],"id":70003365}],"con":true,"img":false}]}
{"op":"mcm","clk":"11449888026","pt":1717315657205,"mc":[{"id":"1.229554894","rc":[{"atb":[[1.6,2],[1.61,0]],"id":70003367}],"con":true,"img":false}]}
{"op":"mcm","clk":"11449888044","pt":1717315657413,"mc":[{"id":"1.229554894","rc":[{"atl":[[2.38,0],[2.44,0]],"id":70003367}],"con":true,"img":false}]}
{"op":"mcm","clk":"11449888243","pt":1717315659419,"mc":[{"id":"1.229554894","rc":[{"atb":[[1.39,0]],"id":70003367},{"atl":[[2.4,10.71],[2.42,0],[2.44,10.42]],"id":70003367},{"atl":[[2.56,0],[2.58,9.49]],"id":70003365}],"con":true,"img":false}]}
{"op":"mcm","clk":"11449888300","pt":1717315659896,"mc":[{"id":"1.229554894","rc":[{"atb":[[1.39,38.46]],"id":70003367},{"atl":[[2.4,0],[2.42,10.56]],"id":70003367},{"atl":[[2.56,9.62],[2.58,0]],"id":70003365}],"con":true,"img":false}]}
{"op":"mcm","clk":"11449888531","pt":1717315662342,"mc":[{"id":"1.229554894","rc":[{"atb":[[1.83,9.45],[1.93,8.43]],"id":70003367},{"atb":[[1.81,9.68],[1.71,13.05]],"id":70003365}],"con":true,"img":false}]}
{"op":"mcm","clk":"11449888541","pt":1717315662441,"mc":[{"id":"1.229554894","rc":[{"atb":[[1.6,0],[1.61,2]],"id":70003367},{"atl":[[2.36,0],[2.42,12.56]],"id":70003367},{"atb":[[1.67,2],[1.71,11.05]],"id":70003365}],"con":true,"img":false}]}
{"op":"mcm","clk":"11449888549","pt":1717315662503,"mc":[{"id":"1.229554894","rc":[{"atb":[[1.82,2],[1.67,0]],"id":70003365}],"con":true,"img":false}]}
{"op":"mcm","clk":"11449888914","pt":1717315666425,"mc":[{"id":"1.229554894","rc":[{"atb":[[1.39,0]],"id":70003367}],"con":true,"img":false}]}
{"op":"mcm","clk":"11449889562","pt":1717315673207,"mc":[{"id":"1.229554894","rc":[{"atl":[[2.56,0],[2.54,9.74],[2.52,9.87]],"id":70003365}],"con":true,"img":false}]}
{"op":"mcm","clk":"11449889572","pt":1717315673317,"mc":[{"id":"1.229554894","rc":[{"atl":[[2.4,10.71],[2.42,2]],"id":70003367}],"con":true,"img":false}]}
{"op":"mcm","clk":"11449889579","pt":1717315673419,"mc":[{"id":"1.229554894","rc":[{"atl":[[2.38,4.22]],"id":70003367}],"con":true,"img":false}]}
{"op":"mcm","clk":"11449889590","pt":1717315673518,"mc":[{"id":"1.229554894","rc":[{"atl":[[2.42,0]],"id":70003367}],"con":true,"img":false}]}
{"op":"mcm","clk":"11449889598","pt":1717315673616,"mc":[{"id":"1.229554894","rc":[{"atl":[[2.42,2]],"id":70003367}],"con":true,"img":false}]}
{"op":"mcm","clk":"11449889609","pt":1717315673723,"mc":[{"id":"1.229554894","rc":[{"atl":[[2.38,0]],"id":70003367}],"con":true,"img":false}]}
{"op":"mcm","clk":"11449889731","pt":1717315674958,"mc":[{"id":"1.229554894","rc":[{"atl":[[2.54,0],[2.68,0]],"id":70003365}],"con":true,"img":false}]}
{"op":"mcm","clk":"11449890351","pt":1717315681063,"mc":[{"id":"1.229554894","rc":[{"atl":[[2.48,2]],"id":70003365}],"con":true,"img":false}]}
{"op":"mcm","clk":"11449890360","pt":1717315681116,"mc":[{"id":"1.229554894","rc":[{"atl":[[2.5,0]],"id":70003365}],"con":true,"img":false}]}
{"op":"mcm","clk":"11449890610","pt":1717315683243,"mc":[{"id":"1.229554894","rc":[{"atl":[[2.56,12.82]],"id":70003365}],"con":true,"img":false}]}
{"op":"mcm","clk":"11449890729","pt":1717315684341,"mc":[{"id":"1.229554894","rc":[{"atl":[[2.5,2],[2.48,0]],"id":70003365}],"con":true,"img":false}]}
{"op":"mcm","clk":"11449891185","pt":1717315688747,"mc":[{"id":"1.229554894","rc":[{"atl":[[2.4,0],[2.42,12.56]],"id":70003367},{"atl":[[2.56,9.62],[2.52,0]],"id":70003365}],"con":true,"img":false}]}
{"op":"mcm","clk":"11449891215","pt":1717315689056,"mc":[{"id":"1.229554894","rc":[{"atl":[[2.4,10.71],[2.42,2]],"id":70003367},{"atl":[[2.52,9.87]],"id":70003365}],"con":true,"img":false}]}
{"op":"mcm","clk":"11449891238","pt":1717315689262,"mc":[{"id":"1.229554894","rc":[{"atl":[[2.42,0],[2.38,4.22]],"id":70003367}],"con":true,"img":false}]}
{"op":"mcm","clk":"11449891249","pt":1717315689360,"mc":[{"id":"1.229554894","rc":[{"atl":[[2.42,2],[2.38,0]],"id":70003367}],"con":true,"img":false}]}
{"op":"mcm","clk":"11449891278","pt":1717315689626,"mc":[{"id":"1.229554894","rc":[{"atl":[[2.4,0],[2.42,12.56]],"id":70003367},{"atl":[[2.52,0]],"id":70003365}],"con":true,"img":false}]}
{"op":"mcm","clk":"11449891603","pt":1717315693064,"mc":[{"id":"1.229554894","rc":[{"atl":[[2.4,10.71]],"id":70003367}],"con":true,"img":false}]}
{"op":"mcm","clk":"11449891612","pt":1717315693146,"mc":[{"id":"1.229554894","rc":[{"atl":[[2.42,2]],"id":70003367},{"atl":[[2.52,9.87]],"id":70003365}],"con":true,"img":false}]}
{"op":"mcm","clk":"11449891807","pt":1717315694746,"mc":[{"id":"1.229554894","rc":[{"atl":[[2.5,0],[2.48,2]],"id":70003365}],"con":true,"img":false}]}
{"op":"mcm","clk":"11449892005","pt":1717315696669,"mc":[{"id":"1.229554894","rc":[{"atl":[[2.42,12.56]],"id":70003367}],"con":true,"img":false}]}
{"op":"mcm","clk":"11449892020","pt":1717315696778,"mc":[{"id":"1.229554894","rc":[{"atl":[[2.4,0]],"id":70003367},{"atl":[[2.52,0]],"id":70003365}],"con":true,"img":false}]}
{"op":"mcm","clk":"11449892130","pt":1717315697866,"mc":[{"id":"1.229554894","rc":[{"atl":[[2.4,10.71],[2.42,2]],"id":70003367},{"atl":[[2.52,9.87]],"id":70003365}],"con":true,"img":false}]}
{"op":"mcm","clk":"11449892839","pt":1717315704353,"mc":[{"id":"1.229554894","rc":[{"atl":[[2.4,0],[2.42,12.56]],"id":70003367},{"atl":[[2.52,0]],"id":70003365}],"con":true,"img":false}]}
{"op":"mcm","clk":"11449892970","pt":1717315705699,"mc":[{"id":"1.229554894","rc":[{"atl":[[2.4,10.71],[2.42,2]],"id":70003367},{"atl":[[2.52,9.87]],"id":70003365}],"con":true,"img":false}]}
{"op":"mcm","clk":"11449893549","pt":1717315711780,"mc":[{"id":"1.229554894","rc":[{"atl":[[2.4,0],[2.42,12.56]],"id":70003367},{"atl":[[2.52,0],[2.62,9.26]],"id":70003365}],"con":true,"img":false}]}
{"op":"mcm","clk":"11449893588","pt":1717315712098,"mc":[{"id":"1.229554894","rc":[{"atb":[[1.83,0],[1.93,0]],"id":70003367},{"atb":[[1.81,0],[1.71,0]],"id":70003365}],"con":true,"img":false}]}
{"op":"mcm","clk":"11449893599","pt":1717315712196,"mc":[{"id":"1.229554894","rc":[{"atl":[[2.36,2],[2.4,10.71],[2.42,0]],"id":70003367},{"atl":[[2.56,0],[2.58,9.49]],"id":70003365}],"con":true,"img":false}]}
{"op":"mcm","clk":"11449893610","pt":1717315712303,"mc":[{"id":"1.229554894","rc":[{"atb":[[1.82,0],[1.7,2]],"id":70003365}],"con":true,"img":false}]}
{"op":"mcm","clk":"11449894190","pt":1717315717676,"mc":[{"id":"1.229554894","rc":[{"atb":[[1.38,39.47]],"id":70003367},{"atb":[[1.46,32.61],[1.43,0],[1.45,33.33]],"id":70003365},{"atl":[[2.56,9.62],[2.58,0]],"id":70003365}],"con":true,"img":false}]}
{"op":"mcm","clk":"11449894254","pt":1717315718248,"mc":[{"id":"1.229554894","rc":[{"atb":[[1.38,0]],"id":70003367},{"atl":[[2.36,0],[2.38,2]],"id":70003367},{"atb":[[1.46,0],[1.7,0],[1.69,2]],"id":70003365}],"con":true,"img":false}]}
{"op":"mcm","clk":"11449894355","pt":1717315719045,"mc":[{"id":"1.229554894","rc":[{"atl":[[2.56,0]],"id":70003365}],"con":true,"img":false}]}
{"op":"mcm","clk":"11449894592","pt":1717315720965,"mc":[{"id":"1.229554894","rc":[{"atl":[[2.56,9.62]],"id":70003365}],"con":true,"img":false}]}
{"op":"mcm","clk":"11449894776","pt":1717315722441,"mc":[{"id":"1.229554894","rc":[{"atl":[[2.5,2],[2.48,0]],"id":70003365}],"con":true,"img":false}]}
{"op":"mcm","clk":"11449894887","pt":1717315723326,"mc":[{"id":"1.229554894","rc":[{"atl":[[2.36,2],[2.38,0]],"id":70003367},{"atb":[[1.7,2],[1.69,0]],"id":70003365},{"atl":[[2.56,0]],"id":70003365}],"con":true,"img":false}]}
{"op":"mcm","clk":"11449895129","pt":1717315725560,"mc":[{"id":"1.229554894","rc":[{"atl":[[2.56,9.62]],"id":70003365}],"con":true,"img":false}]}
{"op":"mcm","clk":"11449895207","pt":1717315726335,"mc":[{"id":"1.229554894","rc":[{"atb":[[1.42,35.71]],"id":70003367},{"atl":[[2.56,0]],"id":70003365}],"con":true,"img":false}]}
{"op":"mcm","clk":"11449895343","pt":1717315727635,"mc":[{"id":"1.229554894","rc":[{"atl":[[2.5,0],[2.48,2]],"id":70003365}],"con":true,"img":false}]}
{"op":"mcm","clk":"11449895513","pt":1717315729359,"mc":[{"id":"1.229554894","rc":[{"atl":[[2.42,10.56]],"id":70003367},{"atl":[[2.54,9.74]],"id":70003365}],"con":true,"img":false}]}
{"op":"mcm","clk":"11449895523","pt":1717315729460,"mc":[{"id":"1.229554894","rc":[{"atl":[[2.4,0]],"id":70003367}],"con":true,"img":false}]}
{"op":"mcm","clk":"11449895584","pt":1717315730030,"mc":[{"id":"1.229554894","rc":[{"atb":[[1.41,36.59],[1.42,0]],"id":70003367},{"atb":[[1.44,34.09],[1.45,0]],"id":70003365}],"con":true,"img":false}]}
{"op":"mcm","clk":"11449895859","pt":1717315732874,"mc":[{"id":"1.229554894","rc":[{"atb":[[1.42,35.71]],"id":70003367},{"atl":[[2.42,0],[2.46,10.27]],"id":70003367},{"atb":[[1.44,0],[1.45,33.33]],"id":70003365},{"atl":[[2.54,0],[2.58,9.49]],"id":70003365}],"con":true,"img":false}]}
{"op":"mcm","clk":"11449895928","pt":1717315733450,"mc":[{"id":"1.229554894","rc":[{"atb":[[1.42,0]],"id":70003367},{"atl":[[2.42,10.56]],"id":70003367},{"atb":[[1.44,34.09],[1.45,0]],"id":70003365},{"atl":[[2.54,9.74],[2.58,0]],"id":70003365}],"con":true,"img":false}]}
{"op":"mcm","clk":"11449896078","pt":1717315734854,"mc":[{"id":"1.229554894","rc":[{"atb":[[1.42,35.71]],"id":70003367},{"atl":[[2.42,0]],"id":70003367},{"atb":[[1.44,0],[1.45,33.33]],"id":70003365},{"atl":[[2.54,0],[2.58,9.49]],"id":70003365}],"con":true,"img":false}]}
{"op":"mcm","clk":"11449896633","pt":1717315740688,"mc":[{"id":"1.229554894","rc":[{"atl":[[2.42,10.56]],"id":70003367},{"atl":[[2.54,9.74],[2.58,0]],"id":70003365}],"con":true,"img":false}]}
{"op":"mcm","clk":"11449896641","pt":1717315740743,"mc":[{"id":"1.229554894","rc":[{"atl":[[2.36,0],[2.3,2]],"id":70003367},{"atb":[[1.74,2]],"id":70003365},{"atl":[[2.48,12.14]],"id":70003365}],"con":true,"img":false}]}
{"op":"mcm","clk":"11449896651","pt":1717315740850,"mc":[{"id":"1.229554894","rc":[{"atb":[[1.42,0]],"id":70003367},{"atb":[[1.44,34.09],[1.45,0],[1.7,0]],"id":70003365},{"atl":[[2.54,0]],"id":70003365}],"con":true,"img":false}]}
{"op":"mcm","clk":"11449896691","pt":1717315741272,"mc":[{"id":"1.229554894","rc":[{"atl":[[2.42,0]],"id":70003367},{"atl":[[2.52,9.87],[2.48,2]],"id":70003365}],"con":true,"img":false}]}
{"op":"mcm","clk":"11449896785","pt":1717315742044,"mc":[{"id":"1.229554894","rc":[{"atl":[[2.44,0]],"id":70003367},{"atl":[[2.5,2],[2.48,0]],"id":70003365}],"con":true,"img":false}]}
{"op":"mcm","clk":"11449896810","pt":1717315742252,"mc":[{"id":"1.229554894","rc":[{"atb":[[1.42,35.71]],"id":70003367},{"atb":[[1.45,33.33]],"id":70003365}],"con":true,"img":false}]}
{"op":"mcm","clk":"11449896822","pt":1717315742409,"mc":[{"id":"1.229554894","rc":[{"atb":[[1.44,0]],"id":70003365}],"con":true,"img":false}]}
{"op":"mcm","clk":"11449896911","pt":1717315743088,"mc":[{"id":"1.229554894","rc":[{"atl":[[2.42,10.56]],"id":70003367},{"atl":[[2.52,0],[2.48,10.14]],"id":70003365}],"con":true,"img":false}]}
{"op":"mcm","clk":"11449896925","pt":1717315743190,"mc":[{"id":"1.229554894","rc":[{"atl":[[2.5,0],[2.48,12.14]],"id":70003365}],"con":true,"img":false}]}
{"op":"mcm","clk":"11449896937","pt":1717315743247,"mc":[{"id":"1.229554894","rc":[{"atl":[[2.5,2],[2.48,10.14]],"id":70003365}],"con":true,"img":false}]}
{"op":"mcm","clk":"11449897006","pt":1717315743774,"mc":[{"id":"1.229554894","rc":[{"atl":[[2.5,0],[2.48,12.14]],"id":70003365}],"con":true,"img":false}]}
{"op":"mcm","clk":"11449897194","pt":1717315745279,"mc":[{"id":"1.229554894","rc":[{"atb":[[1.42,0]],"id":70003367},{"atb":[[1.44,34.09],[1.45,0]],"id":70003365}],"con":true,"img":false}]}
{"op":"mcm","clk":"11449897226","pt":1717315745690,"mc":[{"id":"1.229554894","rc":[{"atb":[[1.42,35.71]],"id":70003367},{"atl":[[2.42,0]],"id":70003367},{"atb":[[1.44,0],[1.45,33.33]],"id":70003365},{"atl":[[2.52,9.87],[2.48,2]],"id":70003365}],"con":true,"img":false}]}
{"op":"mcm","clk":"11449897275","pt":1717315746058,"mc":[{"id":"1.229554894","rc":[{"atl":[[2.3,0],[2.42,10.56],[2.28,2]],"id":70003367},{"atb":[[1.74,0],[1.76,2]],"id":70003365},{"atl":[[2.52,0],[2.48,12.14]],"id":70003365}],"con":true,"img":false}]}
{"op":"mcm","clk":"11449897535","pt":1717315748592,"mc":[{"id":"1.229554894","rc":[{"atb":[[1.42,0]],"id":70003367},{"atb":[[1.44,34.09],[1.45,0]],"id":70003365}],"con":true,"img":false}]}
{"op":"mcm","clk":"11449897570","pt":1717315748901,"mc":[{"id":"1.229554894","rc":[{"atl":[[2.5,2],[2.48,10.14]],"id":70003365}],"con":true,"img":false}]}
{"op":"mcm","clk":"11449897616","pt":1717315749377,"mc":[{"id":"1.229554894","rc":[{"atl":[[2.52,9.87]],"id":70003365}],"con":true,"img":false}]}
{"op":"mcm","clk":"11449897625","pt":1717315749478,"mc":[{"id":"1.229554894","rc":[{"atl":[[2.42,0]],"id":70003367},{"atl":[[2.48,0]],"id":70003365}],"con":true,"img":false}]}
{"op":"mcm","clk":"11449898095","pt":1717315753812,"mc":[{"id":"1.229554894","rc":[{"atb":[[1.84,9.34],[1.74,10.6]],"id":70003367},{"atb":[[1.81,9.68],[1.91,8.62]],"id":70003365}],"con":true,"img":false}]}
{"op":"mcm","clk":"11449898120","pt":1717315753976,"mc":[{"id":"1.229554894","rc":[{"atb":[[1.88,2],[1.76,0]],"id":70003365}],"con":true,"img":false}]}
{"op":"mcm","clk":"11449898229","pt":1717315755065,"mc":[{"id":"1.229554894","rc":[{"atl":[[2.5,0],[2.52,11.87]],"id":70003365}],"con":true,"img":false}]}
{"op":"mcm","clk":"11449898343","pt":1717315756106,"mc":[{"id":"1.229554894","rc":[{"atl":[[2.5,13.33]],"id":70003367}],"con":true,"img":false}]}
{"op":"mcm","clk":"11449898488","pt":1717315757409,"mc":[{"id":"1.229554894","rc":[{"atl":[[2.5,2],[2.52,9.87]],"id":70003365}],"con":true,"img":false}]}
{"op":"mcm","clk":"11449898751","pt":1717315760005,"mc":[{"id":"1.229554894","rc":[{"atl":[[2.5,0],[2.52,11.87]],"id":70003365}],"con":true,"img":false}]}
{"op":"mcm","clk":"11449899370","pt":1717315766123,"mc":[{"id":"1.229554894","rc":[{"atl":[[2.54,16.23]],"id":70003367}],"con":true,"img":false}]}
{"op":"mcm","clk":"11449899676","pt":1717315768933,"mc":[{"id":"1.229554894","rc":[{"atl":[[2.5,2],[2.52,9.87]],"id":70003365}],"con":true,"img":false}]}
{"op":"mcm","clk":"11449900439","pt":1717315776108,"mc":[{"id":"1.229554894","rc":[{"atl":[[2.58,18.99]],"id":70003367}],"con":true,"img":false}]}
{"op":"mcm","clk":"11449900602","pt":1717315777830,"mc":[{"id":"1.229554894","rc":[{"atb":[[1.61,0]],"id":70003367},{"atl":[[2.28,0]],"id":70003367},{"atb":[[1.88,0]],"id":70003365},{"atl":[[2.5,0]],"id":70003365}],"con":true,"img":false}]}
{"op":"mcm","clk":"11449903249","pt":1717315803868,"mc":[{"id":"1.229554894","rc":[{"atb":[[1.84,0],[1.74,0]],"id":70003367},{"atb":[[1.81,0],[1.91,0]],"id":70003365}],"con":true,"img":false}]}
{"op":"mcm","clk":"11449903888","pt":1717315809963,"mc":[{"id":"1.229554894","rc":[{"atb":[[1.39,51.28]],"id":70003367},{"atb":[[1.42,47.62]],"id":70003365}],"con":true,"img":false}]}
{"op":"mcm","clk":"11449904401","pt":1717315815061,"mc":[{"id":"1.229554894","rc":[{"atb":[[1.34,0]],"id":70003365}],"con":true,"img":false}]}
{"op":"mcm","clk":"11449904883","pt":1717315819990,"mc":[{"id":"1.229554894","rc":[{"atb":[[1.37,67.57]],"id":70003367},{"atb":[[1.4,62.5]],"id":70003365}],"con":true,"img":false}]}
{"op":"mcm","clk":"11449905016","pt":1717315821444,"mc":[{"id":"1.229554894","rc":[{"atb":[[1.36,0]],"id":70003365}],"con":true,"img":false}]}
{"op":"mcm","clk":"11449905058","pt":1717315821868,"mc":[{"id":"1.229554894","rc":[{"atb":[[1.88,8.92],[1.78,10.06]],"id":70003367},{"atb":[[1.88,8.92],[1.78,10.06]],"id":70003365}],"con":true,"img":false}]}
{"op":"mcm","clk":"11449905805","pt":1717315829171,"mc":[{"id":"1.229554894","rc":[{"atl":[[2.42,10.56],[2.46,0]],"id":70003367},{"atl":[[2.52,0],[2.48,10.14]],"id":70003365}],"con":true,"img":false}]}
{"op":"mcm","clk":"11449906826","pt":1717315839116,"mc":[{"id":"1.229554894","rc":[{"atl":[[2.46,13.7]],"id":70003367},{"atl":[[2.52,13.16]],"id":70003365}],"con":true,"img":false}]}
{"op":"mcm","clk":"11449907371","pt":1717315844495,"mc":[{"id":"1.229554894","rc":[{"atl":[[2.58,0]],"id":70003367},{"atl":[[2.64,0],[2.62,0]],"id":70003365}],"con":true,"img":false}]}
{"op":"mcm","clk":"11449907867","pt":1717315849108,"mc":[{"id":"1.229554894","rc":[{"atl":[[2.56,16.03]],"id":70003365}],"con":true,"img":false}]}
{"op":"mcm","clk":"11449910107","pt":1717315870234,"mc":[{"id":"1.229554894","rc":[{"atb":[[1.88,0],[1.78,0]],"id":70003367},{"atb":[[1.88,0],[1.78,0]],"id":70003365}],"con":true,"img":false}]}
{"op":"mcm","clk":"11449910709","pt":1717315875556,"mc":[{"id":"1.229554894","rc":[{"atb":[[1.35,85.71]],"id":70003367}],"con":true,"img":false}]}
{"op":"mcm","clk":"11449910795","pt":1717315876339,"mc":[{"id":"1.229554894","rc":[{"atb":[[1.41,0],[1.38,39.47]],"id":70003367},{"atb":[[1.46,32.61],[1.44,0]],"id":70003365}],"con":true,"img":false}]}
{"op":"mcm","clk":"11449910816","pt":1717315876542,"mc":[{"id":"1.229554894","rc":[{"atb":[[1.39,0]],"id":70003367}],"con":true,"img":false}]}
{"op":"mcm","clk":"11449911302","pt":1717315881158,"mc":[{"id":"1.229554894","rc":[{"atb":[[1.37,40.54],[1.38,0]],"id":70003367},{"atb":[[1.46,0],[1.45,33.33]],"id":70003365},{"atl":[[2.48,0]],"id":70003365}],"con":true,"img":false}]}
{"op":"mcm","clk":"11449911315","pt":1717315881258,"mc":[{"id":"1.229554894","rc":[{"atl":[[2.42,0],[2.44,10.42]],"id":70003367},{"atl":[[2.5,10]],"id":70003365}],"con":true,"img":false}]}
{"op":"mcm","clk":"11449911347","pt":1717315881562,"mc":[{"id":"1.229554894","rc":[{"atl":[[2.46,10.27],[2.44,0]],"id":70003367},{"atl":[[2.5,0],[2.52,9.87]],"id":70003365}],"con":true,"img":false}]}
{"op":"mcm","clk":"11449911364","pt":1717315881720,"mc":[{"id":"1.229554894","rc":[{"atl":[[2.44,10.42]],"id":70003367},{"atl":[[2.5,10]],"id":70003365}],"con":true,"img":false}]}
{"op":"mcm","clk":"11449911394","pt":1717315882083,"mc":[{"id":"1.229554894","rc":[{"atl":[[2.44,0]],"id":70003367},{"atl":[[2.5,0]],"id":70003365}],"con":true,"img":false}]}
{"op":"mcm","clk":"11449911448","pt":1717315882452,"mc":[{"id":"1.229554894","rc":[{"atb":[[1.38,39.47]],"id":70003367},{"atb":[[1.46,32.61],[1.45,0]],"id":70003365}],"con":true,"img":false}]}
{"op":"mcm","clk":"11449911487","pt":1717315882863,"mc":[{"id":"1.229554894","rc":[{"atl":[[2.42,10.56]],"id":70003367},{"atb":[[1.45,33.33]],"id":70003365},{"atl":[[2.48,10.14]],"id":70003365}],"con":true,"img":false}]}
{"op":"mcm","clk":"11449911497","pt":1717315882966,"mc":[{"id":"1.229554894","rc":[{"atb":[[1.38,0]],"id":70003367},{"atb":[[1.46,0]],"id":70003365}],"con":true,"img":false}]}
{"op":"mcm","clk":"11449911541","pt":1717315883240,"mc":[{"id":"1.229554894","rc":[{"atb":[[1.38,39.47]],"id":70003367},{"atl":[[2.42,0]],"id":70003367},{"atb":[[1.46,32.61],[1.45,0]],"id":70003365},{"atl":[[2.48,0]],"id":70003365}],"con":true,"img":false}]}
{"op":"mcm","clk":"11449911580","pt":1717315883565,"mc":[{"id":"1.229554894","rc":[{"atl":[[2.42,10.56]],"id":70003367},{"atl":[[2.48,10.14]],"id":70003365}],"con":true,"img":false}]}
{"op":"mcm","clk":"11449911963","pt":1717315887162,"mc":[{"id":"1.229554894","rc":[{"atb":[[1.38,0]],"id":70003367},{"atb":[[1.46,0],[1.45,33.33]],"id":70003365}],"con":true,"img":false}]}
{"op":"mcm","clk":"11449912023","pt":1717315887830,"mc":[{"id":"1.229554894","rc":[{"atb":[[1.46,32.61],[1.45,0]],"id":70003365},{"atl":[[2.48,0]],"id":70003365}],"con":true,"img":false}]}
{"op":"mcm","clk":"11449912033","pt":1717315887938,"mc":[{"id":"1.229554894","rc":[{"atb":[[1.38,39.47]],"id":70003367},{"atl":[[2.42,0]],"id":70003367}],"con":true,"img":false}]}
{"op":"mcm","clk":"11449912064","pt":1717315888250,"mc":[{"id":"1.229554894","rc":[{"atl":[[2.42,10.56]],"id":70003367},{"atb":[[1.46,0],[1.45,33.33]],"id":70003365},{"atl":[[2.48,10.14]],"id":70003365}],"con":true,"img":false}]}
{"op":"mcm","clk":"11449912076","pt":1717315888352,"mc":[{"id":"1.229554894","rc":[{"atb":[[1.38,0]],"id":70003367}],"con":true,"img":false}]}
{"op":"mcm","clk":"11449912223","pt":1717315889666,"mc":[{"id":"1.229554894","rc":[{"atl":[[2.42,0]],"id":70003367},{"atl":[[2.48,0]],"id":70003365}],"con":true,"img":false}]}
{"op":"mcm","clk":"11449912412","pt":1717315891457,"mc":[{"id":"1.229554894","rc":[{"atl":[[2.44,10.42]],"id":70003367},{"atl":[[2.5,10]],"id":70003365}],"con":true,"img":false}]}
{"op":"mcm","clk":"11449912471","pt":1717315892076,"mc":[{"id":"1.229554894","rc":[{"atb":[[1.61,2]],"id":70003367},{"atl":[[2.38,2]],"id":70003367},{"atb":[[1.69,2]],"id":70003365},{"atl":[[2.48,2]],"id":70003365}],"con":true,"img":false}]}
{"op":"mcm","clk":"11449912691","pt":1717315894047,"mc":[{"id":"1.229554894","rc":[{"atl":[[2.44,0]],"id":70003367},{"atl":[[2.5,0]],"id":70003365}],"con":true,"img":false}]}
{"op":"mcm","clk":"11449912990","pt":1717315896660,"mc":[{"id":"1.229554894","rc":[{"atl":[[2.44,10.42]],"id":70003367},{"atl":[[2.5,10]],"id":70003365}],"con":true,"img":false}]}
{"op":"mcm","clk":"11449913028","pt":1717315897077,"mc":[{"id":"1.229554894","rc":[{"atl":[[2.44,0]],"id":70003367},{"atl":[[2.5,0]],"id":70003365}],"con":true,"img":false}]}
{"op":"mcm","clk":"11449913040","pt":1717315897181,"mc":[{"id":"1.229554894","rc":[{"atb":[[1.7,2],[1.69,0]],"id":70003365}],"con":true,"img":false}]}
{"op":"mcm","clk":"11449913085","pt":1717315897590,"mc":[{"id":"1.229554894","rc":[{"atl":[[2.44,10.42]],"id":70003367},{"atl":[[2.5,10]],"id":70003365}],"con":true,"img":false}]}
{"op":"mcm","clk":"11449913109","pt":1717315897753,"mc":[{"id":"1.229554894","rc":[{"atb":[[1.7,0],[1.69,2]],"id":70003365}],"con":true,"img":false}]}
{"op":"mcm","clk":"11449913397","pt":1717315900462,"mc":[{"id":"1.229554894","rc":[{"atl":[[2.36,2],[2.38,0]],"id":70003367}],"con":true,"img":false}]}
{"op":"mcm","clk":"11449913667","pt":1717315902849,"mc":[{"id":"1.229554894","rc":[{"atb":[[1.7,2],[1.69,0]],"id":70003365}],"con":true,"img":false}]}
{"op":"mcm","clk":"11449913773","pt":1717315903896,"mc":[{"id":"1.229554894","rc":[{"atl":[[2.42,10.56],[2.44,0]],"id":70003367}],"con":true,"img":false}]}
{"op":"mcm","clk":"11449914014","pt":1717315906258,"mc":[{"id":"1.229554894","rc":[{"atb":[[1.42,35.71]],"id":70003367},{"atl":[[2.42,0],[2.44,10.42]],"id":70003367},{"atb":[[1.46,32.61]],"id":70003365}],"con":true,"img":false}]}
{"op":"mcm","clk":"11449914024","pt":1717315906362,"mc":[{"id":"1.229554894","rc":[{"atb":[[1.45,0]],"id":70003365}],"con":true,"img":false}]}
{"op":"mcm","clk":"11449914034","pt":1717315906461,"mc":[{"id":"1.229554894","rc":[{"atb":[[1.38,0]],"id":70003365}],"con":true,"img":false}]}
{"op":"mcm","clk":"11449914065","pt":1717315906778,"mc":[{"id":"1.229554894","rc":[{"atb":[[1.88,8.92],[1.78,10.06]],"id":70003367},{"atb":[[1.88,8.92],[1.78,10.06]],"id":70003365}],"con":true,"img":false}]}
{"op":"mcm","clk":"11449914171","pt":1717315907960,"mc":[{"id":"1.229554894","rc":[{"atb":[[1.88,10.92],[1.7,0]],"id":70003365}],"con":true,"img":false}]}
{"op":"mcm","clk":"11449914838","pt":1717315914806,"mc":[{"id":"1.229554894","rc":[{"atl":[[2.42,10.56],[2.44,0]],"id":70003367},{"atl":[[2.54,9.74],[2.5,0]],"id":70003365}],"con":true,"img":false}]}
{"op":"mcm","clk":"11449914859","pt":1717315914962,"mc":[{"id":"1.229554894","rc":[{"atl":[[2.52,0]],"id":70003365}],"con":true,"img":false}]}
{"op":"mcm","clk":"11449915935","pt":1717315924928,"mc":[{"id":"1.229554894","rc":[{"atl":[[2.58,12.66]],"id":70003365}],"con":true,"img":false}]}
{"op":"mcm","clk":"11449916985","pt":1717315934828,"mc":[{"id":"1.229554894","rc":[{"atl":[[2.54,0],[2.52,9.87]],"id":70003365}],"con":true,"img":false}]}
{"op":"mcm","clk":"11449917065","pt":1717315935608,"mc":[{"id":"1.229554894","rc":[{"atl":[[2.42,0]],"id":70003367}],"con":true,"img":false}]}
{"op":"mcm","clk":"11449917570","pt":1717315940325,"mc":[{"id":"1.229554894","rc":[{"atl":[[2.36,0],[2.38,2]],"id":70003367}],"con":true,"img":false}]}
{"op":"mcm","clk":"11449917970","pt":1717315944547,"mc":[{"id":"1.229554894","rc":[{"atl":[[2.58,18.99]],"id":70003367}],"con":true,"img":false}]}
{"op":"mcm","clk":"11449918419","pt":1717315948641,"mc":[{"id":"1.229554894","rc":[{"atb":[[1.88,0],[1.78,0]],"id":70003367},{"atb":[[1.88,2],[1.78,0]],"id":70003365}],"con":true,"img":false}]}
{"op":"mcm","clk":"11449918444","pt":1717315948832,"mc":[{"id":"1.229554894","rc":[{"atb":[[1.88,0],[1.69,2]],"id":70003365}],"con":true,"img":false}]}
{"op":"mcm","clk":"11449918603","pt":1717315950244,"mc":[{"id":"1.229554894","rc":[{"atb":[[1.44,34.09]],"id":70003367},{"atb":[[1.47,31.91]],"id":70003365}],"con":true,"img":false}]}
{"op":"mcm","clk":"11449919184","pt":1717315955924,"mc":[{"id":"1.229554894","rc":[{"atb":[[1.41,36.59],[1.44,0],[1.43,2],[1.61,0]],"id":70003367},{"atl":[[2.56,0],[2.52,0],[2.6,0],[2.58,0],[3.25,2],[2.48,0],[3.65,5.66]],"id":70003365}],"con":true,"img":false}]}
{"op":"mcm","clk":"11449919202","pt":1717315956134,"mc":[{"id":"1.229554894","rc":[{"atb":[[1.42,0]],"id":70003367},{"atl":[[2.24,2],[2.38,0]],"id":70003367},{"atb":[[1.79,2],[1.69,0]],"id":70003365}],"con":true,"img":false}]}
{"op":"mcm","clk":"11449919224","pt":1717315956344,"mc":[{"id":"1.229554894","rc":[{"atl":[[2.24,0],[2.22,2]],"id":70003367},{"atb":[[1.8,2],[1.79,0]],"id":70003365}],"con":true,"img":false}]}
{"op":"mcm","clk":"11449920042","pt":1717315964091,"mc":[{"id":"1.229554894","rc":[{"atb":[[1.77,10.19],[1.87,9.01]],"id":70003367},{"atb":[[1.79,9.93],[1.89,8.81]],"id":70003365}],"con":true,"img":false}]}
{"op":"mcm","clk":"11449920062","pt":1717315964250,"mc":[{"id":"1.229554894","rc":[{"atb":[[1.8,0],[1.9,2]],"id":70003365}],"con":true,"img":false}]}
{"op":"mcm","clk":"11449920184","pt":1717315965343,"mc":[{"id":"1.229554894","rc":[{"atl":[[3.75,7.27]],"id":70003365}],"con":true,"img":false}]}
{"op":"mcm","clk":"11449920220","pt":1717315965754,"mc":[{"id":"1.229554894","rc":[{"atl":[[2.24,2],[2.22,0]],"id":70003367}],"con":true,"img":false}]}
{"op":"mcm","clk":"11449920231","pt":1717315965865,"mc":[{"id":"1.229554894","rc":[{"atl":[[2.42,10.56],[2.46,0]],"id":70003367}],"con":true,"img":false}]}
{"op":"mcm","clk":"11449920337","pt":1717315966853,"mc":[{"id":"1.229554894","rc":[{"atl":[[3.2,2],[3.25,0]],"id":70003365}],"con":true,"img":false}]}
{"op":"mcm","clk":"11449920813","pt":1717315971162,"mc":[{"id":"1.229554894","rc":[{"atl":[[2.24,0],[2.44,2]],"id":70003367}],"con":true,"img":false}]}
{"op":"mcm","clk":"11449920822","pt":1717315971265,"mc":[{"id":"1.229554894","rc":[{"atl":[[2.44,0],[2.26,2]],"id":70003367}],"con":true,"img":false}]}
{"op":"mcm","clk":"11449920891","pt":1717315971947,"mc":[{"id":"1.229554894","rc":[{"atb":[[1.43,0],[1.52,2]],"id":70003367},{"atl":[[2.8,2],[3.2,6.82]],"id":70003365}],"con":true,"img":false}]}
{"op":"mcm","clk":"11449920899","pt":1717315972042,"mc":[{"id":"1.229554894","rc":[{"atl":[[2.24,2],[2.26,0]],"id":70003367}],"con":true,"img":false}]}
{"op":"mcm","clk":"11449921245","pt":1717315975171,"mc":[{"id":"1.229554894","rc":[{"atl":[[2.46,13.7]],"id":70003367}],"con":true,"img":false}]}
{"op":"mcm","clk":"11449921443","pt":1717315977081,"mc":[{"id":"1.229554894","rc":[{"atl":[[2.58,0]],"id":70003367}],"con":true,"img":false}]}
{"op":"mcm","clk":"11449921458","pt":1717315977191,"mc":[{"id":"1.229554894","rc":[{"atl":[[2.24,0],[2.46,15.7]],"id":70003367},{"atl":[[3.1,7.14],[2.68,2]],"id":70003365}],"con":true,"img":false}]}
{"op":"mcm","clk":"11449921468","pt":1717315977239,"mc":[{"id":"1.229554894","rc":[{"atl":[[2.3,2],[2.46,13.7]],"id":70003367},{"atl":[[2.8,0]],"id":70003365}],"con":true,"img":false}]}
{"op":"mcm","clk":"11449922070","pt":1717315982395,"mc":[{"id":"1.229554894","rc":[{"atl":[[2.3,0],[2.34,2]],"id":70003367}],"con":true,"img":false}]}
